3300 4975
764 356 895 428 mm
908 370 986 429 ¹¹¹0

382 554 559 639 Surgentem
581 553 685 621 dextm
705 558 878 621 monstravit
899 556 988 622 limite
1010 557 1123 623 callem.

382 673 486 738 Stertis
508 672 612 758 adhuc,
632 673 791 756 laxumque
814 648 903 757 caput
926 692 1069 758 compage
1093 677 1190 743 soluta

382 792 494 859 Oscitat
515 794 684 858 hesternum
705 792 824 857 dissutis
847 793 977 876 undique
998 795 1104 859 malis?

380 912 435 979 Est
455 911 575 997 aliquid,
597 928 655 994 quo
678 910 773 976 tendis
795 914 875 975 etin
897 930 955 996 quo
980 912 1081 996 dirigis
1103 917 1226 981 mcum?

381 1034 430 1097 An
450 1032 719 1115 passimsequeris
740 1046 848 1094 corvos
870 1036 1007 1113 testaque
1029 1031 1150 1115 lutoque
1253 1117 1257 1128 ι

383 1154 520 1237 Securus,
542 1170 601 1236 quo
623 1169 678 1234 pes
699 1152 784 1235 ierat,
805 1158 894 1234 atque
917 1168 956 1217 en
976 1160 1109 1235 tempore
1131 1155 1230 1219 uiris?

382 1271 553 1338 Elleborum
574 1271 692 1354 lmstra,
715 1286 803 1352 quom
825 1272 884 1335 iam
907 1273 981 1336 cutis
1004 1287 1097 1353 aegra
1117 1271 1248 1357 tumebit,

381 1391 542 1456 Pascentes
563 1388 681 1453 rideas:
703 1388 831 1451 uenienti
855 1390 998 1452 occurrite
1021 1388 1124 1453 morbo

381 1511 420 1577 llt
441 1509 511 1593 quid
533 1526 608 1591 opus
631 1508 753 1573 Cratero
774 1491 899 1590 magnos
921 1511 1090 1591 promittere
1111 1514 1247 1577 montes?

382 1630 504 1713 Discite,
526 1646 544 1693 o
566 1630 674 1713 miseri,
697 1635 726 1693 et
748 1646 873 1694 caussas
896 1633 1066 1713 cognoscite
1088 1635 1198 1697 remml

384 1748 462 1826 Quid
482 1768 585 1816 sumus
607 1756 658 1816 aut
679 1749 818 1833 quidnam
838 1752 943 1815 victuri
964 1753 1131 1834 gignimur?
1155 1749 1235 1816 Ordo

384 1868 457 1946 Quis
479 1869 566 1936 datus
586 1875 638 1934 aut
658 1875 755 1934 metae
778 1886 838 1950 qua
859 1868 956 1931 mollis
979 1868 1073 1934 denus
1096 1876 1126 1933 et
1146 1870 1246 1935 unde?

384 1986 458 2064 Quis
479 1988 584 2053 modus
607 1993 738 2070 argento,
762 1985 833 2068 quid
853 1986 900 2049 las
923 1988 1053 2068 optare?
1076 1984 1153 2062 Quid
1174 2006 1265 2072 asper

382 2107 461 2174 Utile
481 2123 616 2172 nummus
639 2104 735 2187 habet,
756 2104 871 2185 patriae
893 2104 1030 2185 carisque
1051 2107 1225 2189 propinquis

384 2226 531 2304 Quantum
554 2225 674 2307 elargiri
697 2221 820 2287 deceat?
843 2218 937 2295 onem
958 2227 988 2285 te
1011 2222 1083 2288 deus
1106 2242 1176 2290 esse

383 2350 484 2433 Jussit,
506 2353 536 2411 et
555 2348 684 2410 bumana
707 2361 767 2426 qua
787 2348 872 2425 parte
893 2342 1007 2408 locatus
1029 2360 1062 2409 es
1084 2348 1114 2409 in
1134 2348 1189 2411 rel

382 2470 483 2554 Disce,
503 2482 602 2550 neque
624 2463 766 2548 inrideas,
788 2462 870 2546 qnod
891 2463 986 2529 multa
1007 2464 1106 2532 fidelia
1127 2470 1210 2550 putet

383 2589 417 2654 ln
436 2587 584 2670 locuplete
606 2601 685 2668 penu
706 2583 837 2650 delensis
860 2581 1019 2665 pinguibus
1041 2583 1171 2670 Umbris,

383 2711 421 2776 lit
440 2711 526 2792 piper
547 2713 577 2772 et
599 2722 719 2789 pomae,
742 2705 835 2770 llarsi
856 2709 1045 2768 monumenta
1066 2706 1187 2791 clientis,

383 2833 550 2913 Maenaque
575 2826 654 2911 quod
674 2828 768 2909 prima
789 2825 918 2890 nondum
942 2825 1083 2890 deleoenit
1105 2844 1184 2893 orca.

384 2954 439 3017 llio
462 2951 570 3033 aliquis
592 2947 738 3029 degente
760 2947 879 3012 hircosa
903 2948 1103 3013 centurionum

385 3073 485 3138 Dicat:
509 3066 596 3144 Quod
617 3070 690 3133 satis
713 3071 766 3151 est,
789 3067 875 3148 sapio
898 3066 976 3131 mibi.
1019 3065 1087 3132 Non
1110 3085 1166 3151 ego
1189 3084 1258 3134 curo

385 3190 471 3274 Esse,
493 3186 572 3271 quod
594 3185 764 3252 archesilas
784 3189 1012 3270 aerumnosique
1034 3187 1163 3254 Solones

387 3309 512 3390 Obstipo
535 3307 632 3387 eapite
653 3311 682 3370 et
702 3306 826 3387 agentes
848 3307 957 3370 lumine
979 3313 1096 3390 terram,

386 3430 537 3494 blurmura
559 3439 648 3507 quom
669 3440 772 3488 secum
795 3431 824 3488 et
845 3424 966 3489 rabiosa
988 3427 1103 3490 silentia
1124 3425 1231 3490 rodunt

386 3550 485 3632 mque
508 3550 682 3630 expomecto
702 3547 877 3611 mudnantur
898 3545 992 3610 verba
1013 3545 1123 3610 labello

388 3670 514 3751 aegroti
535 3669 644 3734 vetem
666 3666 840 3733 meditantes
862 3668 991 3732 somnia:
1015 3669 1096 3750 gigni

389 3787 436 3853 De
457 3786 547 3850 nihilo
567 3786 647 3870 nihi,
667 3788 700 3850 in
719 3785 841 3850 nibilum
862 3786 905 3850 nil
924 3793 1015 3870 posse
1037 3789 1154 3854 reuerti.

364 4093 395 4144 v.
412 4091 441 4144 L.
469 4089 512 4143 57.
530 4090 624 4144 collem.
650 4087 762 4158 Guyetue
787 4095 999 4160 praeowaslrans
1020 4093 1035 4146 1.
1056 4093 1151 4162 salben,
1173 4096 1203 4148 at.
1240 4092 1285 4150 60.
1306 4095 1333 4148 ia
1351 4098 1423 4168 quod.

294 4199 350 4254 qno.
368 4180 514 4233 Hauthalius
531 4194 570 4248 en,
590 4195 646 4250 quo.
682 4179 728 4237 63.
748 4182 862 4235 demebat.
900 4181 943 4234 65.
955 4185 1048 4254 ecqerid.
1062 4183 1121 4254 qaid
1131 4198 1194 4251 opas
1208 4187 1251 4238 esi.
1282 4183 1326 4239 66.
1341 4189 1399 4254 eto,
1413 4192 1461 4242 oto

294 4273 433 4341 disdteqrm
461 4270 575 4322 Bembina
593 4271 625 4322 io.
645 4268 757 4337 (luparum
775 4273 926 4326 oosmmeri.
958 4271 1002 4324 67.
1021 4275 1044 4325 et
1057 4273 1182 4343 quidnam
1212 4271 1255 4325 68.
1268 4273 1339 4326 dulas
1355 4278 1435 4330 estoit

294 4375 377 4431 prora
394 4360 486 4414 undae.
523 4359 565 4412 ll.
583 4360 679 4428 largiri.
716 4357 758 4410 73.
776 4373 831 4412 nec.
870 4359 911 4411 76.
930 4359 1065 4429 defecerat.
1103 4359 1144 4412 78.
1167 4361 1234 4430 qntod
1250 4363 1329 4430 sapio,
1359 4367 1420 4417 solis
1448 4407 1449 4410 ,

295 4451 361 4504 ooli.
379 4450 524 4503 Haothelioe
541 4451 609 4521 qaod
624 4451 686 4503 sotio
703 4449 756 4502 est!
790 4447 832 4502 79.
853 4449 987 4504 Arcesilae.
1000 4450 1105 4503 Solones
1117 4451 1277 4518 seripserunt,
1298 4457 1337 4502 eat
1348 4451 1434 4506 librio

296 4557 342 4598 oea
359 4540 472 4597 Menoe.
508 4539 552 4594 80.
568 4537 699 4611 fingenius.
734 4537 779 4593 83.
796 4540 901 4592 ceolric.
920 4539 1068 4594 meditantia.
1105 4537 1148 4590 84.
1176 4537 1207 4592 do
1224 4538 1300 4592 aiddu
1318 4537 1426 4596 odiam.
