3300 4975
768 370 899 429 latina
911 368 989 433 m.

385 552 585 621 censoremve
605 558 687 621 tuum
708 557 757 622 rel
780 556 861 641 qued
881 558 1015 624 trabeate
1037 560 1170 627 salutas?

383 676 433 743 Ad
454 676 596 760 populum
616 677 771 760 phaleras!
792 676 857 760 Ege
879 683 908 743 te
929 681 1008 744 intus
1030 684 1060 745 et
1080 682 1110 744 in
1131 685 1196 745 cute
1218 682 1295 747 neri.

383 795 451 859 Non
471 794 564 878 pudet
583 793 622 860 ad
643 812 756 860 merem
778 794 913 861 discincti
933 798 1034 862 vivere
1055 796 1183 863 Nattae?

382 914 437 980 Set
458 919 557 998 stupet
576 914 626 979 bic
646 916 724 998 vitiu,
747 920 777 978 et
796 913 879 979 libris
899 916 1023 981 increvit
1044 918 1172 998 opimum

383 1032 508 1115 Pingue:
532 1037 614 1098 caret
635 1032 733 1115 culpa,
753 1032 855 1115 nescit,
879 1031 949 1113 quid
968 1032 1082 1118 perdat,
1105 1041 1135 1098 et
1155 1034 1215 1101 alto

382 1153 546 1217 Demersus
568 1167 682 1216 summa
703 1166 820 1214 rursum
842 1166 902 1215 non
922 1149 1007 1216 bullit
1030 1154 1062 1216 in
1082 1152 1169 1219 unda

382 1270 492 1351 Magne
512 1273 598 1352 pater
620 1266 724 1353 divom,
747 1284 857 1333 sueres
879 1271 983 1354 punire
1005 1276 1147 1351 tyrannos

261 1441 264 1446 .
382 1392 463 1457 Haut
484 1391 543 1454 alia
563 1390 678 1453 ratione
699 1388 783 1472 uelis,
805 1404 894 1469 quem
917 1387 981 1452 dira
1003 1388 1094 1455 libide

382 1510 508 1574 bloverit
528 1508 676 1591 ingenium
699 1509 824 1574 terrenti
847 1509 934 1573 tincta
955 1525 1083 1575 veneno:

382 1632 526 1695 Virtutem
547 1628 667 1693 rideant
687 1626 931 1710 intabescantque
953 1628 1063 1693 relicta.

382 1750 467 1815 Anne
489 1750 585 1832 magis
608 1748 700 1814 Siculi
721 1752 897 1830 gemuenmt
918 1762 992 1812 aera
1010 1749 1127 1815 invenci

381 1869 419 1936 Et
438 1871 534 1951 magis
556 1869 668 1933 auratis
690 1866 823 1949 pendens
845 1864 1036 1948 laquearibus
1059 1871 1139 1935 ensis

381 1990 551 2074 Purpureas
573 1989 676 2057 subter
698 1989 830 2054 cervices
853 1988 964 2071 terruit,
985 1990 1070 2073 imus,

380 2110 460 2177 lmus
481 2110 669 2193 praecipites,
692 2122 780 2188 quarn
802 2106 829 2170 si
850 2102 908 2170 sibi
930 2104 1007 2170 dicat
1029 2111 1058 2171 et
1077 2107 1156 2175 intus

381 2232 496 2297 Palleat
516 2230 627 2313 infelix,
650 2226 729 2310 qued
750 2227 887 2308 proxima
908 2228 1022 2291 nesciat
1043 2231 1133 2293 urerl

381 2350 482 2433 Saepe
503 2348 614 2432 ocules,
636 2348 763 2429 memini,
786 2344 945 2428 tangebam
966 2364 1077 2428 parvus
1098 2348 1184 2433 ebro,

381 2467 512 2536 Grandia
533 2470 561 2532 si
581 2466 692 2532 nullenr
712 2466 845 2530 merituri
864 2462 959 2530 rerba
980 2463 1099 2534 Catonis

380 2590 489 2654 Dicere
509 2603 569 2651 nun
590 2603 665 2652 sano
686 2585 806 2650 multum
828 2583 978 2650 laudanda
1003 2590 1153 2674 magistre,

381 2706 464 2784 Quae
484 2714 570 2791 pater
592 2705 727 2772 adductis
750 2705 862 2772 sudans
884 2707 1001 2774 audiret
1023 2712 1134 2776 amicis.

378 2827 462 2892 lure:
486 2826 592 2891 etenim
613 2823 643 2888 id
664 2842 818 2909 summum,
842 2824 912 2908 quid
935 2825 1040 2891 dexter
1061 2831 1144 2894 senio
1169 2832 1268 2917 terret,

379 2946 463 3011 Scire
486 2949 550 3007 crat
570 2945 600 3006 in
622 2949 699 3027 rote,
723 2941 868 3007 damnosa
890 2944 1024 3008 canicula
1047 2953 1186 3027 quantum

377 3063 515 3147 Raderet,
537 3067 681 3144 angustae
704 3062 782 3126 eollo
804 3077 863 3125 nen
886 3060 982 3126 lallier
1004 3080 1102 3148 orcae,

378 3182 444 3248 Neu
464 3185 532 3265 quis
554 3181 688 3246 callidior
708 3180 820 3246 buxum
842 3188 981 3263 torquere
1003 3182 1130 3266 flagello.

378 3301 457 3366 llaut
478 3300 530 3365 tibi
550 3302 735 3382 inexpertum
757 3316 865 3364 curvus
889 3298 1070 3382 deprendere
1093 3321 1202 3390 meres,

380 3420 522 3505 Quaeque
545 3419 632 3485 decet
653 3419 773 3502 sapiens
794 3418 917 3482 bracata
938 3421 1020 3484 inlita
1041 3423 1136 3488 Medis

377 3541 521 3626 Porticus,
543 3539 685 3603 insomnis
707 3535 813 3621 quibus
837 3543 866 3601 et
887 3537 1010 3603 detensa
1031 3541 1170 3608 iuventus

306 3641 310 3648 ¹
376 3661 513 3744 Invigilat
533 3659 649 3741 siliquis
671 3663 700 3721 ct
722 3655 827 3740 grandi
848 3661 934 3740 pasta
957 3657 1089 3738 polenta:

377 3780 416 3846 lit
437 3778 497 3862 tibi,
520 3795 597 3861 quae
620 3778 737 3844 Sarnios
760 3775 881 3842 deduxit
902 3777 998 3843 littera
1020 3794 1128 3866 rames,

350 3989 699 4060 unamquamcunque,
719 4003 892 4060 remoremur,
920 3992 989 4061 quod
1008 3994 1117 4046 coniecit
1141 3992 1313 4050 casaubonus.
1350 3996 1395 4050 31.
1422 3999 1477 4050 div

277 4082 363 4150 abieti,
390 4080 504 4134 deberit.
532 4078 633 4132 Nactae.
670 4077 1008 4148 demembraretur.
1036 4096 1135 4138 merrae
1162 4083 1261 4136 licinius
1290 4097 1344 4139 nen
1364 4073 1477 4161 rursusi

277 4168 314 4223 38
343 4171 441 4239 cupide.
480 4167 525 4222 37.
543 4172 666 4223 meamet.
703 4167 746 4221 38.
764 4169 912 4224 uluidecnt.
949 4171 993 4224 l0.
1010 4173 1152 4239 mulenegia,
1172 4175 1305 4242 armagis.
1342 4173 1385 4227 43.
1402 4189 1461 4226 cen-

270 4275 321 4312 ·eor
340 4260 465 4312 ¹lleidelb.
494 4258 592 4313 mdeal.
622 4258 748 4310 Lacunam
778 4265 837 4324 post
862 4274 888 4312 v.
918 4257 953 4311 l3
981 4261 1064 4312 statuit
1091 4259 1210 4327 Guyetus.
1259 4262 1303 4316 li.
1333 4263 1476 4332 imperaram

270 4350 322 4403 db.
342 4353 467 4404 meritare
484 4364 508 4403 e.
522 4350 617 4404 merri.
649 4347 692 4403 lb.
711 4349 816 4401 discere
835 4351 860 4401 et
875 4350 974 4418 insano,
989 4349 1020 4402 ab
1033 4350 1133 4404 insano.
1165 4348 1208 4401 48.
1219 4363 1324 4404 sumum
1344 4353 1387 4404 50.
1402 4350 1461 4404 red-

278 4438 357 4494 deret.
394 4439 437 4492 52.
463 4442 551 4506 taecp.
577 4442 621 4492 eet.
648 4437 843 4506 deprehendere,
872 4439 1067 4508 reprehendere,
1097 4438 1227 4507 depellere.
1264 4439 1308 4497 53.
1337 4441 1461 4497 baccam

271 4524 322 4582 ab.
339 4528 481 4584 matema
506 4528 632 4583 Maecilius
649 4529 759 4583 micare.
794 4525 839 4580 56.
858 4526 964 4582 emmer.
993 4525 1104 4596 (inpetus
1122 4531 1147 4584 el
1162 4531 1195 4598 lu,
1219 4530 1267 4586 eri.
