<?xml version="1.0" encoding="UTF-8"?>
<!DOCTYPE html PUBLIC "-//W3C//DTD XHTML 1.0 Transitional//EN"
    "http://www.w3.org/TR/xhtml1/DTD/xhtml1-transitional.dtd">
<html xmlns="http://www.w3.org/1999/xhtml" xml:lang="en" lang="en">
 <head>
  <title>
</title>
<meta http-equiv="Content-Type" content="text/html;charset=utf-8" />
  <meta name='ocr-system' content='tesseract 3.04.00' />
  <meta name='ocr-capabilities' content='ocr_page ocr_carea ocr_par ocr_line ocrx_word'/>
</head>
<body>
  <div class='ocr_page' id='page_1' title='image "./satirae00flacgoog_0040.png"; bbox 0 0 3300 4975; ppageno 0'>
   <div class='ocr_carea' id='block_1_1' title="bbox 734 1087 1064 1177">
    <p class='ocr_par' dir='ltr' id='par_1_1' title="bbox 734 1087 1064 1177">
     <span class='ocr_line' id='line_1_1' title="bbox 734 1087 1064 1177; baseline 0 -1"><span class='ocrx_word' id='word_1_1' title='bbox 734 1087 923 1176; x_wconf 83' lang='lat' dir='ltr'>Sotira</span> <span class='ocrx_word' id='word_1_2' title='bbox 947 1087 1064 1177; x_wconf 89' lang='lat'>111.</span> 
     </span>
    </p>
   </div>
   <div class='ocr_carea' id='block_1_2' title="bbox 309 1273 1468 1642">
    <p class='ocr_par' dir='ltr' id='par_1_2' title="bbox 309 1141 1480 1642">
     <span class='ocr_line' id='line_1_2' title="bbox 695 1273 1104 1346; baseline -0.001 -1"><span class='ocrx_word' id='word_1_3' title='bbox 695 1273 718 1345; x_wconf 89' lang='lat' dir='ltr'>S</span> <span class='ocrx_word' id='word_1_4' title='bbox 743 1296 765 1344; x_wconf 92' lang='lat' dir='ltr'>u</span> <span class='ocrx_word' id='word_1_5' title='bbox 788 1297 819 1346; x_wconf 91' lang='lat' dir='ltr'>m</span> <span class='ocrx_word' id='word_1_6' title='bbox 843 1298 873 1346; x_wconf 90' lang='lat' dir='ltr'>m</span> <span class='ocrx_word' id='word_1_7' title='bbox 898 1297 917 1344; x_wconf 91' lang='lat' dir='ltr'>a</span> <span class='ocrx_word' id='word_1_8' title='bbox 941 1297 957 1345; x_wconf 89' lang='lat' dir='ltr'>r</span> <span class='ocrx_word' id='word_1_9' title='bbox 981 1281 992 1344; x_wconf 93' lang='lat' dir='ltr'>i</span> <span class='ocrx_word' id='word_1_10' title='bbox 1015 1296 1038 1345; x_wconf 92' lang='lat' dir='ltr'>u</span> <span class='ocrx_word' id='word_1_11' title='bbox 1060 1295 1104 1344; x_wconf 90' lang='lat' dir='ltr'>nr.</span> 
     </span>
     <span class='ocr_line' id='line_1_3' title="bbox 397 1447 1468 1537; baseline 0 -21"><span class='ocrx_word' id='word_1_12' title='bbox 397 1447 507 1516; x_wconf 86' lang='lat' dir='ltr'>Schol·</span> <span class='ocrx_word' id='word_1_13' title='bbox 537 1450 623 1517; x_wconf 88' lang='lat' dir='ltr'>lianc</span> <span class='ocrx_word' id='word_1_14' title='bbox 643 1456 763 1519; x_wconf 91' lang='lat' dir='ltr'>satiram</span> <span class='ocrx_word' id='word_1_15' title='bbox 786 1462 875 1537; x_wconf 91' lang='lat' dir='ltr'>poeta</span> <span class='ocrx_word' id='word_1_16' title='bbox 912 1473 950 1520; x_wconf 87' lang='lat' dir='ltr'>ex</span> <span class='ocrx_word' id='word_1_17' title='bbox 971 1455 1074 1520; x_wconf 80' lang='lat' dir='ltr'>Lucilii</span> <span class='ocrx_word' id='word_1_18' title='bbox 1095 1451 1171 1517; x_wconf 92' lang='lat' dir='ltr'>libro</span> <span class='ocrx_word' id='word_1_19' title='bbox 1193 1450 1247 1516; x_wconf 94' lang='lat' dir='ltr'>Illl·</span> <span class='ocrx_word' id='word_1_20' title='bbox 1270 1453 1418 1518; x_wconf 84' lang='lat' dir='ltr'>transtulit</span> <span class='ocrx_word' id='word_1_21' title='bbox 1438 1470 1468 1517; x_wconf 89' lang='lat' dir='ltr'>ca</span> 
     </span>
     <span class='ocr_line' id='line_1_4' title="bbox 309 1553 1420 1642; baseline 0.002 -24"><span class='ocrx_word' id='word_1_22' title='bbox 309 1553 443 1634; x_wconf 89' lang='lat' dir='ltr'>stigautis</span> <span class='ocrx_word' id='word_1_23' title='bbox 465 1555 612 1620; x_wconf 83' lang='lat' dir='ltr'>luxuriam</span> <span class='ocrx_word' id='word_1_24' title='bbox 645 1556 763 1623; x_wconf 83' lang='lat' dir='ltr'>diuitum</span> <span class='ocrx_word' id='word_1_25' title='bbox 797 1568 825 1624; x_wconf 91' lang='lat' dir='ltr'>et</span> <span class='ocrx_word' id='word_1_26' title='bbox 847 1561 924 1624; x_wconf 85' lang='lat' dir='ltr'>vitia.</span> <span class='ocrx_word' id='word_1_27' title='bbox 968 1560 1146 1642; x_wconf 80' lang='lat' dir='ltr'>Fragmenta</span> <span class='ocrx_word' id='word_1_28' title='bbox 1166 1556 1270 1626; x_wconf 79' lang='lat' dir='ltr'>Lucilii</span> <span class='ocrx_word' id='word_1_29' title='bbox 1302 1556 1420 1621; x_wconf 77' lang='lat' dir='ltr'>alibro</span> 
     </span>
    </p>
   </div>
   <div class='ocr_carea' id='block_1_3' title="bbox 309 1658 1469 1746">
    <p class='ocr_par' dir='ltr' id='par_1_3' title="bbox 309 1658 1469 1746">
     <span class='ocr_line' id='line_1_5' title="bbox 309 1658 1469 1746; baseline 0.002 -26"><span class='ocrx_word' id='word_1_30' title='bbox 309 1663 427 1721; x_wconf 86' lang='lat' dir='ltr'>servata</span> <span class='ocrx_word' id='word_1_31' title='bbox 449 1658 517 1722; x_wconf 93' lang='lat' dir='ltr'>ad</span> <span class='ocrx_word' id='word_1_32' title='bbox 509 1677 603 1740; x_wconf 82' lang='lat' dir='ltr'>ipsam</span> <span class='ocrx_word' id='word_1_33' title='bbox 624 1662 850 1746; x_wconf 88' lang='lat' dir='ltr'>philosophiam,</span> <span class='ocrx_word' id='word_1_34' title='bbox 874 1664 956 1727; x_wconf 92' lang='lat' dir='ltr'>cuius</span> <span class='ocrx_word' id='word_1_35' title='bbox 980 1660 1106 1727; x_wconf 90' lang='lat' dir='ltr'>studium</span> <span class='ocrx_word' id='word_1_36' title='bbox 1128 1661 1279 1742; x_wconf 93' lang='lat' dir='ltr'>proprium</span> <span class='ocrx_word' id='word_1_37' title='bbox 1296 1666 1417 1724; x_wconf 89' lang='lat' dir='ltr'>nostrae</span> <span class='ocrx_word' id='word_1_38' title='bbox 1440 1677 1469 1724; x_wconf 89' lang='lat' dir='ltr'>sa</span> 
     </span>
    </p>
   </div>
   <div class='ocr_carea' id='block_1_4' title="bbox 211 1862 1480 4680">
    <p class='ocr_par' dir='ltr' id='par_1_4' title="bbox 307 1862 1471 2053">
     <span class='ocr_line' id='line_1_6' title="bbox 307 1862 1471 1948; baseline 0.003 -23"><span class='ocrx_word' id='word_1_39' title='bbox 307 1862 418 1927; x_wconf 91' lang='lat' dir='ltr'>initium</span> <span class='ocrx_word' id='word_1_40' title='bbox 451 1871 560 1929; x_wconf 91' lang='lat' dir='ltr'>tantum</span> <span class='ocrx_word' id='word_1_41' title='bbox 583 1869 720 1931; x_wconf 81' lang='lat' dir='ltr'>carminis</span> <span class='ocrx_word' id='word_1_42' title='bbox 752 1865 821 1930; x_wconf 92' lang='lat' dir='ltr'>inde</span> <span class='ocrx_word' id='word_1_43' title='bbox 844 1865 1138 1948; x_wconf 77' lang='lat' dir='ltr'>desumpsissedi</span> <span class='ocrx_word' id='word_1_44' title='bbox 1135 1870 1353 1930; x_wconf 92' lang='lat' dir='ltr'>.summarium</span> <span class='ocrx_word' id='word_1_45' title='bbox 1383 1875 1471 1930; x_wconf 86' lang='lat' dir='ltr'>satira</span> 
     </span>
     <span class='ocr_line' id='line_1_7' title="bbox 307 1965 1470 2053; baseline 0.003 -25"><span class='ocrx_word' id='word_1_46' title='bbox 307 1965 328 2028; x_wconf 88' lang='lat' dir='ltr'>l.</span> <span class='ocrx_word' id='word_1_47' title='bbox 363 1965 571 2049; x_wconf 79' lang='lat' dir='ltr'>Philosophiae</span> <span class='ocrx_word' id='word_1_48' title='bbox 592 1969 720 2034; x_wconf 92' lang='lat' dir='ltr'>studium</span> <span class='ocrx_word' id='word_1_49' title='bbox 744 1968 818 2033; x_wconf 91' lang='lat' dir='ltr'>duas</span> <span class='ocrx_word' id='word_1_50' title='bbox 839 1973 1000 2053; x_wconf 90' lang='lat' dir='ltr'>praecipue</span> <span class='ocrx_word' id='word_1_51' title='bbox 1034 1968 1072 2033; x_wconf 94' lang='lat' dir='ltr'>ob</span> <span class='ocrx_word' id='word_1_52' title='bbox 1098 1986 1223 2034; x_wconf 88' lang='lat' dir='ltr'>caussas</span> <span class='ocrx_word' id='word_1_53' title='bbox 1256 1968 1367 2050; x_wconf 81' lang='lat' dir='ltr'>negligi</span> <span class='ocrx_word' id='word_1_54' title='bbox 1403 1976 1470 2053; x_wconf 90' lang='lat' dir='ltr'>poet</span> 
     </span>
    </p>

    <p class='ocr_par' dir='ltr' id='par_1_5' title="bbox 302 2069 1480 3599">
     <span class='ocr_line' id='line_1_8' title="bbox 308 2069 1446 2157; baseline 0.003 -24"><span class='ocrx_word' id='word_1_55' title='bbox 308 2072 450 2155; x_wconf 82' lang='lat' dir='ltr'>queritur,</span> <span class='ocrx_word' id='word_1_56' title='bbox 484 2075 610 2154; x_wconf 92' lang='lat' dir='ltr'>primum</span> <span class='ocrx_word' id='word_1_57' title='bbox 632 2072 712 2155; x_wconf 88' lang='lat' dir='ltr'>quod</span> <span class='ocrx_word' id='word_1_58' title='bbox 733 2075 819 2137; x_wconf 90' lang='lat' dir='ltr'>nimis</span> <span class='ocrx_word' id='word_1_59' title='bbox 839 2073 994 2138; x_wconf 91' lang='lat' dir='ltr'>molestum</span> <span class='ocrx_word' id='word_1_60' title='bbox 1016 2069 1159 2136; x_wconf 89' lang='lat' dir='ltr'>habeatur</span> <span class='ocrx_word' id='word_1_61' title='bbox 1193 2069 1239 2156; x_wconf 84' lang='lat' dir='ltr'>(v.</span> <span class='ocrx_word' id='word_1_62' title='bbox 1263 2069 1396 2157; x_wconf 81' lang='grc'><strong>1-16),</strong></span> <span class='ocrx_word' id='word_1_63' title='bbox 1435 2081 1446 2136; x_wconf 88' lang='lat' dir='ltr'>t</span> 
     </span>
     <span class='ocr_line' id='line_1_9' title="bbox 308 2172 1477 2259; baseline 0.003 -22"><span class='ocrx_word' id='word_1_64' title='bbox 308 2172 387 2256; x_wconf 86' lang='lat' dir='ltr'>quod</span> <span class='ocrx_word' id='word_1_65' title='bbox 408 2175 544 2257; x_wconf 87' lang='lat' dir='ltr'>plerique</span> <span class='ocrx_word' id='word_1_66' title='bbox 567 2178 655 2241; x_wconf 88' lang='lat' dir='ltr'>totius</span> <span class='ocrx_word' id='word_1_67' title='bbox 676 2178 720 2240; x_wconf 91' lang='lat' dir='ltr'>rei</span> <span class='ocrx_word' id='word_1_68' title='bbox 741 2179 837 2259; x_wconf 89' lang='lat' dir='ltr'>ignari</span> <span class='ocrx_word' id='word_1_69' title='bbox 858 2176 1012 2242; x_wconf 90' lang='lat' dir='ltr'>ridiculum</span> <span class='ocrx_word' id='word_1_70' title='bbox 1034 2175 1065 2241; x_wconf 88' lang='lat' dir='ltr'>id</span> <span class='ocrx_word' id='word_1_71' title='bbox 1099 2183 1128 2241; x_wconf 89' lang='lat' dir='ltr'>et</span> <span class='ocrx_word' id='word_1_72' title='bbox 1148 2177 1249 2240; x_wconf 93' lang='lat' dir='ltr'>inutile</span> <span class='ocrx_word' id='word_1_73' title='bbox 1273 2193 1340 2241; x_wconf 90' lang='lat' dir='ltr'>esse</span> <span class='ocrx_word' id='word_1_74' title='bbox 1362 2179 1477 2240; x_wconf 87' lang='lat' dir='ltr'>iactiten</span> 
     </span>
     <span class='ocr_line' id='line_1_10' title="bbox 306 2273 1480 2365; baseline 0 -23"><span class='ocrx_word' id='word_1_75' title='bbox 306 2273 552 2365; x_wconf 60' lang='lat' dir='ltr'>(var-118).</span> <span class='ocrx_word' id='word_1_76' title='bbox 596 2280 756 2345; x_wconf 84' lang='lat' dir='ltr'>Videamus</span> <span class='ocrx_word' id='word_1_77' title='bbox 788 2288 944 2363; x_wconf 86' lang='lat' dir='ltr'>utramque</span> <span class='ocrx_word' id='word_1_78' title='bbox 972 2287 1095 2363; x_wconf 89' lang='lat' dir='ltr'>partem.</span> <span class='ocrx_word' id='word_1_79' title='bbox 1145 2280 1277 2345; x_wconf 85' lang='lat' dir='ltr'>Juvenes</span> <span class='ocrx_word' id='word_1_80' title='bbox 1309 2281 1399 2343; x_wconf 88' lang='lat' dir='ltr'>nostri</span> <span class='ocrx_word' id='word_1_81' title='bbox 1433 2288 1480 2344; x_wconf 91' lang='lat' dir='ltr'>tan</span> 
     </span>
     <span class='ocr_line' id='line_1_11' title="bbox 305 2382 1480 2467; baseline 0 -23"><span class='ocrx_word' id='word_1_82' title='bbox 305 2382 384 2462; x_wconf 86' lang='lat' dir='ltr'>pigri</span> <span class='ocrx_word' id='word_1_83' title='bbox 416 2390 445 2446; x_wconf 91' lang='lat' dir='ltr'>et</span> <span class='ocrx_word' id='word_1_84' title='bbox 466 2384 565 2464; x_wconf 87' lang='lat' dir='ltr'>ignavi</span> <span class='ocrx_word' id='word_1_85' title='bbox 586 2390 664 2467; x_wconf 89' lang='lat' dir='ltr'>sunt,</span> <span class='ocrx_word' id='word_1_86' title='bbox 696 2393 729 2446; x_wconf 92' lang='lat' dir='ltr'>ut</span> <span class='ocrx_word' id='word_1_87' title='bbox 749 2385 821 2448; x_wconf 94' lang='lat' dir='ltr'>nihil</span> <span class='ocrx_word' id='word_1_88' title='bbox 843 2390 960 2448; x_wconf 91' lang='lat' dir='ltr'>strenue</span> <span class='ocrx_word' id='word_1_89' title='bbox 984 2382 1130 2466; x_wconf 90' lang='lat' dir='ltr'>agendum</span> <span class='ocrx_word' id='word_1_90' title='bbox 1151 2383 1209 2447; x_wconf 92' lang='lat' dir='ltr'>sibi</span> <span class='ocrx_word' id='word_1_91' title='bbox 1232 2388 1408 2465; x_wconf 89' lang='lat' dir='ltr'>proponant,</span> <span class='ocrx_word' id='word_1_92' title='bbox 1444 2399 1480 2445; x_wconf 93' lang='lat' dir='ltr'>se</span> 
     </span>
     <span class='ocr_line' id='line_1_12' title="bbox 306 2432 1480 2572; baseline 0.007 -24"><span class='ocrx_word' id='word_1_93' title='bbox 306 2485 400 2549; x_wconf 92' lang='lat' dir='ltr'>omnis</span> <span class='ocrx_word' id='word_1_94' title='bbox 422 2483 537 2549; x_wconf 91' lang='lat' dir='ltr'>labor</span> <span class='ocrx_word' id='word_1_95' title='bbox 529 2488 566 2550; x_wconf 86' lang='lat' dir='ltr'>ris</span> <span class='ocrx_word' id='word_1_96' title='bbox 589 2484 686 2550; x_wconf 91' lang='lat' dir='ltr'>taedio</span> <span class='ocrx_word' id='word_1_97' title='bbox 708 2488 747 2551; x_wconf 92' lang='lat' dir='ltr'>sit</span> <span class='ocrx_word' id='word_1_98' title='bbox 779 2483 825 2569; x_wconf 82' lang='lat' dir='ltr'>(v.</span> <span class='ocrx_word' id='word_1_99' title='bbox 850 2483 986 2572; x_wconf 82' lang='lat'>1-18),</span> <span class='ocrx_word' id='word_1_100' title='bbox 1021 2504 1079 2569; x_wconf 88' lang='lat' dir='ltr'>quo</span> <span class='ocrx_word' id='word_1_101' title='bbox 1102 2485 1228 2571; x_wconf 88' lang='lat' dir='ltr'>accedit,</span> <span class='ocrx_word' id='word_1_102' title='bbox 1263 2484 1342 2569; x_wconf 85' lang='lat' dir='ltr'>quod</span> <span class='ocrx_word' id='word_1_103' title='bbox 1373 2432 1480 2567; x_wconf 72' lang='lat' dir='ltr'>plurimi</span> 
     </span>
     <span class='ocr_line' id='line_1_13' title="bbox 304 2587 1480 2671; baseline -0.004 -18"><span class='ocrx_word' id='word_1_104' title='bbox 304 2590 449 2653; x_wconf 89' lang='lat' dir='ltr'>maiorum</span> <span class='ocrx_word' id='word_1_105' title='bbox 469 2590 550 2653; x_wconf 89' lang='lat' dir='ltr'>lama</span> <span class='ocrx_word' id='word_1_106' title='bbox 583 2596 612 2652; x_wconf 92' lang='lat' dir='ltr'>et</span> <span class='ocrx_word' id='word_1_107' title='bbox 633 2587 739 2671; x_wconf 92' lang='lat' dir='ltr'>opibus</span> <span class='ocrx_word' id='word_1_108' title='bbox 771 2590 840 2655; x_wconf 90' lang='lat' dir='ltr'>elati</span> <span class='ocrx_word' id='word_1_109' title='bbox 863 2606 979 2655; x_wconf 91' lang='lat' dir='ltr'>omnem</span> <span class='ocrx_word' id='word_1_110' title='bbox 1013 2605 1113 2653; x_wconf 92' lang='lat' dir='ltr'>curam</span> <span class='ocrx_word' id='word_1_111' title='bbox 1145 2592 1176 2653; x_wconf 93' lang='lat' dir='ltr'>in</span> <span class='ocrx_word' id='word_1_112' title='bbox 1197 2588 1301 2653; x_wconf 90' lang='lat' dir='ltr'>studiis</span> <span class='ocrx_word' id='word_1_113' title='bbox 1324 2587 1480 2670; x_wconf 90' lang='lat' dir='ltr'>ponendam</span> 
     </span>
     <span class='ocr_line' id='line_1_14' title="bbox 306 2689 1480 2777; baseline -0.004 -22"><span class='ocrx_word' id='word_1_114' title='bbox 306 2692 392 2774; x_wconf 85' lang='lat' dir='ltr'>quasi</span> <span class='ocrx_word' id='word_1_115' title='bbox 413 2689 598 2760; x_wconf 86' lang='lat' dir='ltr'>inliberalem</span> <span class='ocrx_word' id='word_1_116' title='bbox 632 2698 660 2755; x_wconf 95' lang='lat' dir='ltr'>et</span> <span class='ocrx_word' id='word_1_117' title='bbox 682 2692 842 2773; x_wconf 90' lang='lat' dir='ltr'>ignobilem</span> <span class='ocrx_word' id='word_1_118' title='bbox 876 2697 1062 2757; x_wconf 90' lang='lat' dir='ltr'>contemnunt</span> <span class='ocrx_word' id='word_1_119' title='bbox 1096 2690 1141 2777; x_wconf 85' lang='lat' dir='ltr'>(v.</span> <span class='ocrx_word' id='word_1_120' title='bbox 1167 2690 1320 2775; x_wconf 81' lang='grc'><strong>19-13).</strong></span> <span class='ocrx_word' id='word_1_121' title='bbox 1364 2690 1389 2753; x_wconf 91' lang='grc'>11</span> <span class='ocrx_word' id='word_1_122' title='bbox 1420 2704 1480 2755; x_wconf 79' lang='lat' dir='ltr'>uero</span> 
     </span>
     <span class='ocr_line' id='line_1_15' title="bbox 303 2782 1480 2885; baseline -0.002 -27"><span class='ocrx_word' id='word_1_123' title='bbox 303 2796 376 2878; x_wconf 92' lang='lat' dir='ltr'>ipsi,</span> <span class='ocrx_word' id='word_1_124' title='bbox 406 2797 578 2878; x_wconf 83' lang='lat' dir='ltr'>quiveram</span> <span class='ocrx_word' id='word_1_125' title='bbox 600 2796 807 2878; x_wconf 89' lang='lat' dir='ltr'>philosophiae</span> <span class='ocrx_word' id='word_1_126' title='bbox 831 2797 1000 2879; x_wconf 91' lang='lat' dir='ltr'>dignitatem</span> <span class='ocrx_word' id='word_1_127' title='bbox 1015 2782 1233 2885; x_wconf 85' lang='lat' dir='ltr'>&#39;utilitatemque</span> <span class='ocrx_word' id='word_1_128' title='bbox 1267 2812 1326 2859; x_wconf 93' lang='lat' dir='ltr'>non</span> <span class='ocrx_word' id='word_1_129' title='bbox 1348 2796 1480 2885; x_wconf 88' lang='lat' dir='ltr'>ignoran</span> 
     </span>
     <span class='ocr_line' id='line_1_16' title="bbox 304 2897 1469 2985; baseline -0.005 -20"><span class='ocrx_word' id='word_1_130' title='bbox 304 2901 480 2980; x_wconf 89' lang='lat' dir='ltr'>saepissime</span> <span class='ocrx_word' id='word_1_131' title='bbox 501 2902 588 2964; x_wconf 90' lang='lat' dir='ltr'>nimis</span> <span class='ocrx_word' id='word_1_132' title='bbox 609 2900 714 2964; x_wconf 86' lang='lat' dir='ltr'>infirmi</span> <span class='ocrx_word' id='word_1_133' title='bbox 735 2908 814 2985; x_wconf 92' lang='lat' dir='ltr'>suut,</span> <span class='ocrx_word' id='word_1_134' title='bbox 847 2904 888 2966; x_wconf 90' lang='lat' dir='ltr'>ita</span> <span class='ocrx_word' id='word_1_135' title='bbox 910 2909 941 2967; x_wconf 91' lang='grc' dir='ltr'>ιιι</span> <span class='ocrx_word' id='word_1_136' title='bbox 962 2904 991 2965; x_wconf 93' lang='lat' dir='ltr'>in</span> <span class='ocrx_word' id='word_1_137' title='bbox 1015 2918 1051 2964; x_wconf 92' lang='lat' dir='ltr'>ea</span> <span class='ocrx_word' id='word_1_138' title='bbox 1073 2897 1273 2980; x_wconf 84' lang='lat' dir='ltr'>adsequenda,</span> <span class='ocrx_word' id='word_1_139' title='bbox 1298 2899 1409 2978; x_wconf 91' lang='lat' dir='ltr'>quippe</span> <span class='ocrx_word' id='word_1_140' title='bbox 1435 2914 1469 2979; x_wconf 90' lang='lat' dir='ltr'>qu</span> 
     </span>
     <span class='ocr_line' id='line_1_17' title="bbox 304 2996 1477 3083; baseline -0.007 -14"><span class='ocrx_word' id='word_1_141' title='bbox 304 3019 450 3069; x_wconf 88' lang='lat' dir='ltr'>summum</span> <span class='ocrx_word' id='word_1_142' title='bbox 471 3002 580 3067; x_wconf 90' lang='lat' dir='ltr'>bouum</span> <span class='ocrx_word' id='word_1_143' title='bbox 603 3006 784 3068; x_wconf 92' lang='lat' dir='ltr'>contineatur</span> <span class='ocrx_word' id='word_1_144' title='bbox 806 3009 835 3066; x_wconf 93' lang='lat' dir='ltr'>et</span> <span class='ocrx_word' id='word_1_145' title='bbox 857 3005 944 3067; x_wconf 88' lang='lat' dir='ltr'>unica</span> <span class='ocrx_word' id='word_1_146' title='bbox 965 3004 1044 3067; x_wconf 84' lang='lat' dir='ltr'>uitae</span> <span class='ocrx_word' id='word_1_147' title='bbox 1067 3002 1157 3083; x_wconf 90' lang='lat' dir='ltr'>salus,</span> <span class='ocrx_word' id='word_1_148' title='bbox 1181 3000 1262 3063; x_wconf 85' lang='lat' dir='ltr'>avia</span> <span class='ocrx_word' id='word_1_149' title='bbox 1283 2997 1426 3063; x_wconf 89' lang='lat' dir='ltr'>aberrent</span> <span class='ocrx_word' id='word_1_150' title='bbox 1448 2996 1477 3081; x_wconf 80' lang='lat' dir='ltr'>[r</span> 
     </span>
     <span class='ocr_line' id='line_1_18' title="bbox 303 3100 1480 3190; baseline -0.006 -20"><span class='ocrx_word' id='word_1_151' title='bbox 303 3103 462 3190; x_wconf 73' lang='grc' dir='ltr'>[ιι-76).</span> <span class='ocrx_word' id='word_1_152' title='bbox 504 3106 552 3171; x_wconf 80' lang='lat' dir='ltr'>hd</span> <span class='ocrx_word' id='word_1_153' title='bbox 574 3108 697 3172; x_wconf 90' lang='lat' dir='ltr'>alteram</span> <span class='ocrx_word' id='word_1_154' title='bbox 719 3114 834 3189; x_wconf 91' lang='lat' dir='ltr'>partem</span> <span class='ocrx_word' id='word_1_155' title='bbox 856 3105 1073 3189; x_wconf 87' lang='lat' dir='ltr'>poetaiaoilem</span> <span class='ocrx_word' id='word_1_156' title='bbox 1095 3104 1164 3167; x_wconf 93' lang='lat' dir='ltr'>hinc</span> <span class='ocrx_word' id='word_1_157' title='bbox 1186 3101 1295 3166; x_wconf 91' lang='lat' dir='ltr'>aditum</span> <span class='ocrx_word' id='word_1_158' title='bbox 1323 3100 1381 3165; x_wconf 88' lang='lat' dir='ltr'>sibi</span> <span class='ocrx_word' id='word_1_159' title='bbox 1395 3118 1480 3183; x_wconf 63' lang='lat' dir='ltr'>para,</span> 
     </span>
     <span class='ocr_line' id='line_1_19' title="bbox 302 3182 1480 3377; baseline -0.005 -102"><span class='ocrx_word' id='word_1_160' title='bbox 302 3210 350 3275; x_wconf 87' lang='lat' dir='ltr'>rit.</span> <span class='ocrx_word' id='word_1_161' title='bbox 394 3207 515 3273; x_wconf 91' lang='lat' dir='ltr'>Plurimi</span> <span class='ocrx_word' id='word_1_162' title='bbox 546 3209 655 3274; x_wconf 92' lang='lat' dir='ltr'>indocti</span> <span class='ocrx_word' id='word_1_163' title='bbox 675 3211 942 3294; x_wconf 87' lang='lat' dir='ltr'>philosophiaeque</span> <span class='ocrx_word' id='word_1_164' title='bbox 966 3211 1082 3275; x_wconf 91' lang='lat' dir='ltr'>omnino</span> <span class='ocrx_word' id='word_1_165' title='bbox 1109 3209 1204 3290; x_wconf 86' lang='lat' dir='ltr'>ignari</span> <span class='ocrx_word' id='word_1_166' title='bbox 1226 3204 1355 3288; x_wconf 90' lang='lat' dir='ltr'>superbe</span> <span class='ocrx_word' id='word_1_167' title='bbox 1389 3182 1480 3377; x_wconf 55' lang='grc' dir='ltr'>Ἥ</span> 
     </span>
     <span class='ocr_line' id='line_1_20' title="bbox 303 3308 1480 3403; baseline -0.004 -25"><span class='ocrx_word' id='word_1_168' title='bbox 303 3312 384 3378; x_wconf 92' lang='lat' dir='ltr'>sulse</span> <span class='ocrx_word' id='word_1_169' title='bbox 406 3313 464 3377; x_wconf 93' lang='lat' dir='ltr'>hoc</span> <span class='ocrx_word' id='word_1_170' title='bbox 485 3311 612 3377; x_wconf 88' lang='lat' dir='ltr'>studium</span> <span class='ocrx_word' id='word_1_171' title='bbox 634 3311 778 3403; x_wconf 79' lang='lat' dir='ltr'>inrident,</span> <span class='ocrx_word' id='word_1_172' title='bbox 802 3314 882 3394; x_wconf 90' lang='lat' dir='ltr'>quod</span> <span class='ocrx_word' id='word_1_173' title='bbox 904 3315 1022 3377; x_wconf 93' lang='lat' dir='ltr'>minime</span> <span class='ocrx_word' id='word_1_174' title='bbox 1044 3312 1083 3376; x_wconf 96' lang='lat' dir='ltr'>ad</span> <span class='ocrx_word' id='word_1_175' title='bbox 1104 3314 1196 3377; x_wconf 79' lang='lat' dir='ltr'>uitam</span> <span class='ocrx_word' id='word_1_176' title='bbox 1217 3317 1298 3374; x_wconf 88' lang='lat' dir='ltr'>recte</span> <span class='ocrx_word' id='word_1_177' title='bbox 1325 3308 1444 3390; x_wconf 88' lang='lat' dir='ltr'>degend</span> <span class='ocrx_word' id='word_1_178' title='bbox 1479 3384 1480 3393; x_wconf 8' lang='grc' dir='ltr'>ἵ</span> 
     </span>
     <span class='ocr_line' id='line_1_21' title="bbox 302 3398 1480 3599; baseline -0.005 -118"><span class='ocrx_word' id='word_1_179' title='bbox 302 3418 520 3500; x_wconf 89' lang='lat' dir='ltr'>necessarium,</span> <span class='ocrx_word' id='word_1_180' title='bbox 553 3421 600 3481; x_wconf 90' lang='lat' dir='ltr'>set</span> <span class='ocrx_word' id='word_1_181' title='bbox 620 3432 727 3479; x_wconf 92' lang='lat' dir='ltr'>nomen</span> <span class='ocrx_word' id='word_1_182' title='bbox 748 3417 836 3478; x_wconf 91' lang='lat' dir='ltr'>inane</span> <span class='ocrx_word' id='word_1_183' title='bbox 873 3420 902 3478; x_wconf 91' lang='lat' dir='ltr'>et</span> <span class='ocrx_word' id='word_1_184' title='bbox 923 3433 1030 3479; x_wconf 86' lang='lat' dir='ltr'>vanum</span> <span class='ocrx_word' id='word_1_185' title='bbox 1059 3430 1243 3479; x_wconf 91' lang='lat' dir='ltr'>moroserum</span> <span class='ocrx_word' id='word_1_186' title='bbox 1278 3398 1480 3599; x_wconf 27' lang='lat' dir='ltr'>hominumhss</span> 
     </span>
    </p>

    <p class='ocr_par' dir='ltr' id='par_1_6' title="bbox 211 3502 1480 4680">
     <span class='ocr_line' id='line_1_22' title="bbox 302 3502 1435 3601; baseline -0.003 -20"><span class='ocrx_word' id='word_1_187' title='bbox 302 3524 452 3601; x_wconf 92' lang='lat' dir='ltr'>gmentum</span> <span class='ocrx_word' id='word_1_188' title='bbox 475 3534 544 3581; x_wconf 91' lang='lat' dir='ltr'>esse</span> <span class='ocrx_word' id='word_1_189' title='bbox 565 3515 754 3581; x_wconf 88' lang='lat' dir='ltr'>arbitrantur:</span> <span class='ocrx_word' id='word_1_190' title='bbox 790 3514 869 3597; x_wconf 87' lang='lat' dir='ltr'>quod</span> <span class='ocrx_word' id='word_1_191' title='bbox 891 3517 999 3596; x_wconf 90' lang='lat' dir='ltr'>ineptis</span> <span class='ocrx_word' id='word_1_192' title='bbox 1032 3502 1210 3580; x_wconf 90' lang='lat' dir='ltr'>centurionis</span> <span class='ocrx_word' id='word_1_193' title='bbox 1232 3516 1341 3580; x_wconf 92' lang='lat' dir='ltr'>indocti</span> <span class='ocrx_word' id='word_1_194' title='bbox 1378 3511 1435 3598; x_wconf 87' lang='lat' dir='ltr'>(cl.</span> 
     </span>
     <span class='ocr_line' id='line_1_23' title="bbox 211 3616 1480 3783; baseline -0.002 -100"><span class='ocrx_word' id='word_1_195' title='bbox 211 3675 215 3683; x_wconf 90' lang='grc'><em>,</em></span> <span class='ocrx_word' id='word_1_196' title='bbox 304 3622 366 3686; x_wconf 88' lang='grc'><strong>189</strong></span> <span class='ocrx_word' id='word_1_197' title='bbox 388 3620 452 3705; x_wconf 84' lang='lat' dir='ltr'>sq.)</span> <span class='ocrx_word' id='word_1_198' title='bbox 485 3621 559 3685; x_wconf 92' lang='lat' dir='ltr'>iocis</span> <span class='ocrx_word' id='word_1_199' title='bbox 580 3617 725 3683; x_wconf 91' lang='lat' dir='ltr'>inducitur</span> <span class='ocrx_word' id='word_1_200' title='bbox 758 3616 804 3702; x_wconf 86' lang='lat' dir='ltr'>(v.</span> <span class='ocrx_word' id='word_1_201' title='bbox 829 3618 984 3703; x_wconf 82' lang='grc'><strong>77-87).</strong></span> <span class='ocrx_word' id='word_1_202' title='bbox 1037 3618 1130 3684; x_wconf 92' lang='lat' dir='ltr'>Poeta</span> <span class='ocrx_word' id='word_1_203' title='bbox 1163 3627 1261 3685; x_wconf 90' lang='lat' dir='ltr'>autem</span> <span class='ocrx_word' id='word_1_204' title='bbox 1293 3619 1422 3700; x_wconf 89' lang='lat' dir='ltr'>imagine</span> <span class='ocrx_word' id='word_1_205' title='bbox 1455 3616 1480 3783; x_wconf 35' lang='grc' dir='ltr'>ιη</span> 
     </span>
     <span class='ocr_line' id='line_1_24' title="bbox 303 3721 1472 3809; baseline -0.003 -21"><span class='ocrx_word' id='word_1_206' title='bbox 303 3741 404 3809; x_wconf 87' lang='lat' dir='ltr'>aegro,</span> <span class='ocrx_word' id='word_1_207' title='bbox 427 3723 629 3807; x_wconf 85' lang='lat' dir='ltr'>quimorbunr,</span> <span class='ocrx_word' id='word_1_208' title='bbox 652 3740 710 3805; x_wconf 84' lang='lat' dir='ltr'>quo</span> <span class='ocrx_word' id='word_1_209' title='bbox 722 3721 847 3805; x_wconf 91' lang='lat' dir='ltr'>laborat,</span> <span class='ocrx_word' id='word_1_210' title='bbox 870 3722 968 3785; x_wconf 91' lang='lat' dir='ltr'>celare</span> <span class='ocrx_word' id='word_1_211' title='bbox 980 3724 1138 3805; x_wconf 89' lang='lat' dir='ltr'>omniaque</span> <span class='ocrx_word' id='word_1_212' title='bbox 1150 3724 1216 3807; x_wconf 88' lang='lat' dir='ltr'>sibi,</span> <span class='ocrx_word' id='word_1_213' title='bbox 1236 3729 1377 3805; x_wconf 87' lang='lat' dir='ltr'>tanquam</span> <span class='ocrx_word' id='word_1_214' title='bbox 1388 3724 1472 3786; x_wconf 92' lang='lat' dir='ltr'>sanis</span> 
     </span>
     <span class='ocr_line' id='line_1_25' title="bbox 304 3824 1480 3912; baseline -0.003 -19"><span class='ocrx_word' id='word_1_215' title='bbox 304 3830 391 3912; x_wconf 89' lang='lat' dir='ltr'>simo,</span> <span class='ocrx_word' id='word_1_216' title='bbox 412 3824 567 3908; x_wconf 90' lang='lat' dir='ltr'>indulgere</span> <span class='ocrx_word' id='word_1_217' title='bbox 588 3826 697 3910; x_wconf 84' lang='lat' dir='ltr'>studet,</span> <span class='ocrx_word' id='word_1_218' title='bbox 732 3825 889 3908; x_wconf 93' lang='lat' dir='ltr'>desumpta</span> <span class='ocrx_word' id='word_1_219' title='bbox 911 3828 1129 3909; x_wconf 86' lang='lat' dir='ltr'>philosophiam</span> <span class='ocrx_word' id='word_1_220' title='bbox 1151 3831 1269 3893; x_wconf 93' lang='lat' dir='ltr'>unicum</span> <span class='ocrx_word' id='word_1_221' title='bbox 1292 3824 1480 3911; x_wconf 81' lang='lat' dir='ltr'>cupiditatum</span> 
     </span>
     <span class='ocr_line' id='line_1_26' title="bbox 303 3928 1480 4017; baseline -0.005 -20"><span class='ocrx_word' id='word_1_222' title='bbox 303 3949 381 4014; x_wconf 85' lang='lat' dir='ltr'>quae</span> <span class='ocrx_word' id='word_1_223' title='bbox 402 3932 551 3995; x_wconf 92' lang='lat' dir='ltr'>hominum</span> <span class='ocrx_word' id='word_1_224' title='bbox 572 3933 661 3995; x_wconf 71' lang='lat' dir='ltr'>uiam</span> <span class='ocrx_word' id='word_1_225' title='bbox 692 3935 750 3994; x_wconf 91' lang='lat' dir='ltr'>tam</span> <span class='ocrx_word' id='word_1_226' title='bbox 772 3930 922 3994; x_wconf 79' lang='lat' dir='ltr'>infelicem</span> <span class='ocrx_word' id='word_1_227' title='bbox 945 3948 981 3996; x_wconf 91' lang='lat' dir='ltr'>ac</span> <span class='ocrx_word' id='word_1_228' title='bbox 1003 3933 1142 3996; x_wconf 90' lang='lat' dir='ltr'>miseram</span> <span class='ocrx_word' id='word_1_229' title='bbox 1165 3930 1297 4014; x_wconf 88' lang='lat' dir='ltr'>reddant,</span> <span class='ocrx_word' id='word_1_230' title='bbox 1327 3928 1480 4017; x_wconf 74' lang='lat' dir='ltr'>remediari</span> 
     </span>
     <span class='ocr_line' id='line_1_27' title="bbox 304 4026 1480 4115; baseline -0.003 -16"><span class='ocrx_word' id='word_1_231' title='bbox 304 4052 373 4100; x_wconf 89' lang='lat' dir='ltr'>esse</span> <span class='ocrx_word' id='word_1_232' title='bbox 405 4050 568 4115; x_wconf 89' lang='lat' dir='ltr'>omnesque</span> <span class='ocrx_word' id='word_1_233' title='bbox 607 4034 741 4097; x_wconf 90' lang='lat' dir='ltr'>homines</span> <span class='ocrx_word' id='word_1_234' title='bbox 775 4032 984 4113; x_wconf 89' lang='lat' dir='ltr'>cupiditatibus</span> <span class='ocrx_word' id='word_1_235' title='bbox 1024 4033 1167 4097; x_wconf 90' lang='lat' dir='ltr'>laborare</span> <span class='ocrx_word' id='word_1_236' title='bbox 1201 4034 1367 4097; x_wconf 88' lang='lat' dir='ltr'>Stoicorum</span> <span class='ocrx_word' id='word_1_237' title='bbox 1409 4026 1480 4095; x_wconf 91' lang='lat' dir='ltr'>mor</span> 
     </span>
     <span class='ocr_line' id='line_1_28' title="bbox 304 4036 1480 4223; baseline -0.008 -19"><span class='ocrx_word' id='word_1_238' title='bbox 304 4138 430 4204; x_wconf 89' lang='lat' dir='ltr'>ostendit</span> <span class='ocrx_word' id='word_1_239' title='bbox 451 4136 497 4223; x_wconf 82' lang='grc' dir='ltr'>(ι.</span> <span class='ocrx_word' id='word_1_240' title='bbox 518 4135 696 4222; x_wconf 82' lang='grc'><strong>88-118).</strong></span> <span class='ocrx_word' id='word_1_241' title='bbox 741 4136 948 4219; x_wconf 86' lang='lat' dir='ltr'>Comparanda</span> <span class='ocrx_word' id='word_1_242' title='bbox 972 4145 1016 4204; x_wconf 92' lang='lat' dir='ltr'>est</span> <span class='ocrx_word' id='word_1_243' title='bbox 1038 4138 1154 4202; x_wconf 92' lang='lat' dir='ltr'>lloratii</span> <span class='ocrx_word' id='word_1_244' title='bbox 1176 4136 1301 4216; x_wconf 89' lang='lat' dir='ltr'>epistola</span> <span class='ocrx_word' id='word_1_245' title='bbox 1322 4134 1348 4197; x_wconf 92' lang='grc'>11</span> <span class='ocrx_word' id='word_1_246' title='bbox 1381 4036 1480 4219; x_wconf 44' lang='lat' dir='ltr'>libri}</span> 
     </span>
     <span class='ocr_line' id='line_1_29' title="bbox 302 4234 1480 4325; baseline -0.005 -18"><span class='ocrx_word' id='word_1_247' title='bbox 302 4259 400 4324; x_wconf 86' lang='lat' dir='ltr'>neque</span> <span class='ocrx_word' id='word_1_248' title='bbox 421 4240 601 4324; x_wconf 87' lang='lat' dir='ltr'>negligenda</span> <span class='ocrx_word' id='word_1_249' title='bbox 622 4243 714 4305; x_wconf 91' lang='lat' dir='ltr'>satira</span> <span class='ocrx_word' id='word_1_250' title='bbox 735 4240 772 4304; x_wconf 96' lang='lat' dir='ltr'>lll</span> <span class='ocrx_word' id='word_1_251' title='bbox 793 4240 861 4304; x_wconf 90' lang='lat' dir='ltr'>libri</span> <span class='ocrx_word' id='word_1_252' title='bbox 883 4240 917 4325; x_wconf 89' lang='lat' dir='ltr'>ll,</span> <span class='ocrx_word' id='word_1_253' title='bbox 940 4258 956 4304; x_wconf 92' lang='lat' dir='ltr'>e</span> <span class='ocrx_word' id='word_1_254' title='bbox 979 4258 1039 4323; x_wconf 86' lang='lat' dir='ltr'>qua</span> <span class='ocrx_word' id='word_1_255' title='bbox 1063 4239 1204 4305; x_wconf 92' lang='lat' dir='ltr'>nonnulla</span> <span class='ocrx_word' id='word_1_256' title='bbox 1221 4237 1341 4302; x_wconf 90' lang='lat' dir='ltr'>Persius</span> <span class='ocrx_word' id='word_1_257' title='bbox 1367 4234 1480 4301; x_wconf 60' lang='lat' dir='ltr'>desumi</span> 
     </span>
     <span class='ocr_line' id='line_1_30' title="bbox 304 4336 1480 4427; baseline -0.007 -18"><span class='ocrx_word' id='word_1_258' title='bbox 304 4348 370 4427; x_wconf 89' lang='lat' dir='ltr'>psit</span> <span class='ocrx_word' id='word_1_259' title='bbox 394 4343 464 4408; x_wconf 88' lang='lat' dir='ltr'>Inde</span> <span class='ocrx_word' id='word_1_260' title='bbox 486 4361 504 4408; x_wconf 92' lang='lat' dir='ltr'>a</span> <span class='ocrx_word' id='word_1_261' title='bbox 526 4363 553 4410; x_wconf 86' lang='lat' dir='ltr'>v.</span> <span class='ocrx_word' id='word_1_262' title='bbox 576 4344 616 4407; x_wconf 84' lang='lat'>52</span> <span class='ocrx_word' id='word_1_263' title='bbox 640 4342 735 4407; x_wconf 81' lang='lat' dir='ltr'>codex</span> <span class='ocrx_word' id='word_1_264' title='bbox 756 4342 941 4407; x_wconf 87' lang='lat' dir='ltr'>Ebneriauos</span> <span class='ocrx_word' id='word_1_265' title='bbox 964 4360 1071 4409; x_wconf 85' lang='lat' dir='ltr'>novam</span> <span class='ocrx_word' id='word_1_266' title='bbox 1094 4346 1214 4407; x_wconf 91' lang='lat' dir='ltr'>satiram</span> <span class='ocrx_word' id='word_1_267' title='bbox 1236 4342 1337 4421; x_wconf 90' lang='lat' dir='ltr'>incipit</span> <span class='ocrx_word' id='word_1_268' title='bbox 1359 4355 1427 4404; x_wconf 93' lang='lat' dir='ltr'>cum</span> <span class='ocrx_word' id='word_1_269' title='bbox 1444 4336 1480 4425; x_wconf 79' lang='lat' dir='ltr'>iul</span> 
     </span>
     <span class='ocr_line' id='line_1_31' title="bbox 304 4444 1480 4529; baseline -0.007 -16"><span class='ocrx_word' id='word_1_270' title='bbox 304 4449 461 4529; x_wconf 90' lang='lat' dir='ltr'>scriptione</span> <span class='ocrx_word' id='word_1_271' title='bbox 489 4448 531 4511; x_wconf 89' lang='lat' dir='ltr'>od</span> <span class='ocrx_word' id='word_1_272' title='bbox 550 4447 677 4511; x_wconf 83' lang='lat' dir='ltr'>eosdem.</span> <span class='ocrx_word' id='word_1_273' title='bbox 720 4444 860 4509; x_wconf 89' lang='lat' dir='ltr'>Nostram</span> <span class='ocrx_word' id='word_1_274' title='bbox 882 4449 1003 4512; x_wconf 88' lang='lat' dir='ltr'>satiram</span> <span class='ocrx_word' id='word_1_275' title='bbox 1026 4446 1207 4511; x_wconf 81' lang='lat' dir='ltr'>hexametris</span> <span class='ocrx_word' id='word_1_276' title='bbox 1233 4445 1344 4525; x_wconf 91' lang='lat' dir='ltr'>primos</span> <span class='ocrx_word' id='word_1_277' title='bbox 1367 4457 1480 4524; x_wconf 79' lang='lat' dir='ltr'>germa-</span> 
     </span>
     <span class='ocr_line' id='line_1_32' title="bbox 303 4547 1480 4637; baseline -0.004 -21"><span class='ocrx_word' id='word_1_278' title='bbox 303 4552 369 4616; x_wconf 90' lang='lat' dir='ltr'>nice</span> <span class='ocrx_word' id='word_1_279' title='bbox 390 4547 516 4616; x_wconf 91' lang='lat' dir='ltr'>reddidit</span> <span class='ocrx_word' id='word_1_280' title='bbox 547 4548 633 4615; x_wconf 83' lang='lat' dir='ltr'>Ferd.</span> <span class='ocrx_word' id='word_1_281' title='bbox 654 4547 834 4617; x_wconf 88' lang='lat' dir='ltr'>Bluemmios</span> <span class='ocrx_word' id='word_1_282' title='bbox 857 4566 934 4615; x_wconf 92' lang='lat' dir='ltr'>anno</span> <span class='ocrx_word' id='word_1_283' title='bbox 959 4550 1050 4615; x_wconf 85' lang='grc'><strong>1801.</strong></span> <span class='ocrx_word' id='word_1_284' title='bbox 1094 4548 1205 4619; x_wconf 85' lang='lat' dir='ltr'>Multae</span> <span class='ocrx_word' id='word_1_285' title='bbox 1238 4547 1332 4613; x_wconf 87' lang='lat' dir='ltr'>huius.</span> <span class='ocrx_word' id='word_1_286' title='bbox 1352 4549 1480 4637; x_wconf 74' lang='lat' dir='ltr'>carmini</span> 
     </span>
     <span class='ocr_line' id='line_1_33' title="bbox 563 4646 1480 4680; baseline 0.002 -2"><span class='ocrx_word' id='word_1_287' title='bbox 563 4675 565 4678; x_wconf 92' lang='lat'>.</span> <span class='ocrx_word' id='word_1_288' title='bbox 1479 4646 1480 4680; x_wconf 88' lang='grc'><strong>1</strong></span> 
     </span>
    </p>
   </div>
   <div class='ocr_carea' id='block_1_5' title="bbox 306 1760 1480 2246">
    <p class='ocr_par' dir='ltr' id='par_1_7' title="bbox 306 1760 1480 2246">
     <span class='ocr_line' id='line_1_34' title="bbox 306 1760 1480 2246; baseline 0.004 -425"><span class='ocrx_word' id='word_1_289' title='bbox 306 1760 381 1822; x_wconf 90' lang='lat' dir='ltr'>tirae</span> <span class='ocrx_word' id='word_1_290' title='bbox 403 1770 605 1844; x_wconf 90' lang='lat' dir='ltr'>argumentum</span> <span class='ocrx_word' id='word_1_291' title='bbox 629 1771 685 1848; x_wconf 88' lang='lat' dir='ltr'>est,</span> <span class='ocrx_word' id='word_1_292' title='bbox 718 1781 778 1828; x_wconf 93' lang='lat' dir='ltr'>uon</span> <span class='ocrx_word' id='word_1_293' title='bbox 798 1767 955 1848; x_wconf 89' lang='lat' dir='ltr'>pertinent,</span> <span class='ocrx_word' id='word_1_294' title='bbox 990 1763 1067 1830; x_wconf 88' lang='lat' dir='ltr'>unde</span> <span class='ocrx_word' id='word_1_295' title='bbox 1089 1764 1235 1844; x_wconf 90' lang='lat' dir='ltr'>suspicari</span> <span class='ocrx_word' id='word_1_296' title='bbox 1269 1761 1336 1826; x_wconf 92' lang='lat' dir='ltr'>licet</span> <span class='ocrx_word' id='word_1_297' title='bbox 1357 1762 1480 2246; x_wconf 46' lang='lat' dir='ltr'>Per]</span> 
     </span>
    </p>
   </div>
   <div class='ocr_carea' id='block_1_6' title="bbox 0 0 1654 4975">
    <p class='ocr_par' dir='ltr' id='par_1_8' title="bbox 0 0 1654 4975">
     <span class='ocr_line' id='line_1_35' title="bbox 0 0 1654 4975; baseline 0 0"><span class='ocrx_word' id='word_1_298' title='bbox 0 0 1654 4975; x_wconf 95' lang='lat' dir='ltr'> </span> 
     </span>
    </p>
   </div>
  </div>
 </body>
</html>
