<?xml version="1.0" encoding="UTF-8"?>
<!DOCTYPE html PUBLIC "-//W3C//DTD XHTML 1.0 Transitional//EN"
    "http://www.w3.org/TR/xhtml1/DTD/xhtml1-transitional.dtd">
<html xmlns="http://www.w3.org/1999/xhtml" xml:lang="en" lang="en">
 <head>
  <title>
</title>
<meta http-equiv="Content-Type" content="text/html;charset=utf-8" />
  <meta name='ocr-system' content='tesseract 3.04.00' />
  <meta name='ocr-capabilities' content='ocr_page ocr_carea ocr_par ocr_line ocrx_word'/>
</head>
<body>
  <div class='ocr_page' id='page_1' title='image "./satirae00flacgoog_0028.png"; bbox 0 0 3300 4975; ppageno 0'>
   <div class='ocr_carea' id='block_1_1' title="bbox 774 355 1005 416">
    <p class='ocr_par' dir='ltr' id='par_1_1' title="bbox 774 355 1005 416">
     <span class='ocr_line' id='line_1_1' title="bbox 774 355 1005 416; baseline 0 -1"><span class='ocrx_word' id='word_1_1' title='bbox 774 355 914 415; x_wconf 56' lang='lat' dir='ltr'><strong>&amp;fla-0</strong></span> <span class='ocrx_word' id='word_1_2' title='bbox 936 359 1005 416; x_wconf 81' lang='lat'><strong>1.·</strong></span> 
     </span>
    </p>
   </div>
   <div class='ocr_carea' id='block_1_2' title="bbox 284 540 1478 3610">
    <p class='ocr_par' dir='ltr' id='par_1_2' title="bbox 284 540 1478 3610">
     <span class='ocr_line' id='line_1_2' title="bbox 358 540 1475 627; baseline 0.007 -20"><span class='ocrx_word' id='word_1_3' title='bbox 358 540 445 607; x_wconf 70' lang='lat' dir='ltr'><strong>lor</strong></span> <span class='ocrx_word' id='word_1_4' title='bbox 466 557 508 625; x_wconf 83' lang='lat' dir='ltr'><strong>ea,</strong></span> <span class='ocrx_word' id='word_1_5' title='bbox 530 541 571 609; x_wconf 90' lang='lat' dir='ltr'><strong>ait</strong></span> <span class='ocrx_word' id='word_1_6' title='bbox 590 541 691 608; x_wconf 77' lang='lat' dir='ltr'><strong>ledia</strong></span> <span class='ocrx_word' id='word_1_7' title='bbox 732 541 843 609; x_wconf 78' lang='lat' dir='ltr'><strong>Pedim</strong></span> <span class='ocrx_word' id='word_1_8' title='bbox 864 542 963 627; x_wconf 76' lang='lat' dir='ltr'><strong>quid?</strong></span> <span class='ocrx_word' id='word_1_9' title='bbox 986 542 1115 609; x_wconf 77' lang='lat' dir='ltr'><strong>(immina</strong></span> <span class='ocrx_word' id='word_1_10' title='bbox 1134 544 1239 611; x_wconf 40' lang='lat' dir='ltr'><strong>rasis*</strong></span> <span class='ocrx_word' id='word_1_11' title='bbox 1440 552 1475 615; x_wconf 78' lang='lat' dir='ltr'><strong>Si</strong></span> 
     </span>
     <span class='ocr_line' id='line_1_3' title="bbox 306 632 1478 747; baseline 0.008 -25"><span class='ocrx_word' id='word_1_12' title='bbox 306 676 310 686; x_wconf 90' lang='lat'><strong>·</strong></span> <span class='ocrx_word' id='word_1_13' title='bbox 386 659 488 725; x_wconf 86' lang='lat' dir='ltr'><strong>bibrat</strong></span> <span class='ocrx_word' id='word_1_14' title='bbox 508 664 538 724; x_wconf 93' lang='lat' dir='ltr'><strong>in</strong></span> <span class='ocrx_word' id='word_1_15' title='bbox 559 663 719 726; x_wconf 78' lang='lat' dir='ltr'><strong>antithetis:</strong></span> <span class='ocrx_word' id='word_1_16' title='bbox 744 662 847 727; x_wconf 90' lang='lat' dir='ltr'><strong>doctas</strong></span> <span class='ocrx_word' id='word_1_17' title='bbox 868 665 1006 745; x_wconf 81' lang='lat' dir='ltr'><strong>posuisse</strong></span> <span class='ocrx_word' id='word_1_18' title='bbox 1028 664 1138 747; x_wconf 86' lang='lat' dir='ltr'><strong>ligures</strong></span> <span class='ocrx_word' id='word_1_19' title='bbox 1477 632 1478 655; x_wconf 13' lang='grc' dir='ltr'><strong>Χ</strong></span> 
     </span>
     <span class='ocr_line' id='line_1_4' title="bbox 386 778 1478 877; baseline 0.009 -35"><span class='ocrx_word' id='word_1_20' title='bbox 386 778 552 843; x_wconf 81' lang='lat' dir='ltr'><strong>Laudatur:</strong></span> <span class='ocrx_word' id='word_1_21' title='bbox 574 779 684 844; x_wconf 90' lang='lat' dir='ltr'><strong>bellum</strong></span> <span class='ocrx_word' id='word_1_22' title='bbox 705 781 770 844; x_wconf 89' lang='lat' dir='ltr'><strong>hoe.</strong></span> <span class='ocrx_word' id='word_1_23' title='bbox 813 780 879 844; x_wconf 90' lang='lat' dir='ltr'><strong>llcc</strong></span> <span class='ocrx_word' id='word_1_24' title='bbox 899 780 1037 845; x_wconf 83' lang='lat' dir='ltr'><strong>bellurn?</strong></span> <span class='ocrx_word' id='word_1_25' title='bbox 1059 783 1114 866; x_wconf 81' lang='lat' dir='ltr'><strong>An,</strong></span> <span class='ocrx_word' id='word_1_26' title='bbox 1135 780 1266 869; x_wconf 86' lang='lat' dir='ltr'><strong>Romule,</strong></span> <span class='ocrx_word' id='word_1_27' title='bbox 1288 788 1417 851; x_wconf 79' lang='lat' dir='ltr'><strong>cenes?</strong></span> <span class='ocrx_word' id='word_1_28' title='bbox 1477 794 1478 877; x_wconf 52' lang='lat'>3</span> 
     </span>
     <span class='ocr_line' id='line_1_5' title="bbox 386 898 1273 988; baseline 0.006 -26"><span class='ocrx_word' id='word_1_29' title='bbox 386 898 455 962; x_wconf 85' lang='lat' dir='ltr'><strong>lilen</strong></span> <span class='ocrx_word' id='word_1_30' title='bbox 476 905 601 983; x_wconf 80' lang='lat' dir='ltr'><strong>moveat,</strong></span> <span class='ocrx_word' id='word_1_31' title='bbox 624 902 734 981; x_wconf 84' lang='lat' dir='ltr'><strong>quippe</strong></span> <span class='ocrx_word' id='word_1_32' title='bbox 757 905 796 984; x_wconf 85' lang='lat' dir='ltr'><strong>et,</strong></span> <span class='ocrx_word' id='word_1_33' title='bbox 818 904 916 964; x_wconf 88' lang='lat' dir='ltr'><strong>cantet</strong></span> <span class='ocrx_word' id='word_1_34' title='bbox 937 903 963 964; x_wconf 91' lang='lat' dir='ltr'><strong>si</strong></span> <span class='ocrx_word' id='word_1_35' title='bbox 984 900 1154 988; x_wconf 80' lang='lat' dir='ltr'><strong>naufragus,</strong></span> <span class='ocrx_word' id='word_1_36' title='bbox 1176 919 1273 967; x_wconf 91' lang='lat' dir='ltr'><strong>assem</strong></span> 
     </span>
     <span class='ocr_line' id='line_1_6' title="bbox 386 1014 1293 1106; baseline 0.011 -27"><span class='ocrx_word' id='word_1_37' title='bbox 386 1015 584 1079; x_wconf 82' lang='lat' dir='ltr'><strong>Protulerim?</strong></span> <span class='ocrx_word' id='word_1_38' title='bbox 608 1014 724 1101; x_wconf 79' lang='lat' dir='ltr'><strong>Canms,</strong></span> <span class='ocrx_word' id='word_1_39' title='bbox 747 1033 836 1100; x_wconf 83' lang='lat' dir='ltr'><strong>quom</strong></span> <span class='ocrx_word' id='word_1_40' title='bbox 858 1018 953 1083; x_wconf 84' lang='lat' dir='ltr'><strong>inacta</strong></span> <span class='ocrx_word' id='word_1_41' title='bbox 974 1025 1003 1084; x_wconf 89' lang='lat' dir='ltr'><strong>tc</strong></span> <span class='ocrx_word' id='word_1_42' title='bbox 1024 1022 1055 1085; x_wconf 92' lang='lat' dir='ltr'><strong>in</strong></span> <span class='ocrx_word' id='word_1_43' title='bbox 1077 1019 1160 1085; x_wconf 90' lang='lat' dir='ltr'><strong>trabe</strong></span> <span class='ocrx_word' id='word_1_44' title='bbox 1181 1024 1293 1106; x_wconf 81' lang='lat' dir='ltr'><strong>pictum</strong></span> 
     </span>
     <span class='ocr_line' id='line_1_7' title="bbox 285 1135 1478 1225; baseline 0.008 -23"><span class='ocrx_word' id='word_1_45' title='bbox 285 1170 290 1184; x_wconf 91' lang='lat'><em>·</em></span> <span class='ocrx_word' id='word_1_46' title='bbox 350 1136 432 1225; x_wconf 68' lang='lat' dir='ltr'><strong>dp</strong></span> <span class='ocrx_word' id='word_1_47' title='bbox 452 1135 574 1202; x_wconf 81' lang='lat' dir='ltr'><strong>humero</strong></span> <span class='ocrx_word' id='word_1_48' title='bbox 597 1141 707 1217; x_wconf 89' lang='lat' dir='ltr'><strong>portes.</strong></span> <span class='ocrx_word' id='word_1_49' title='bbox 751 1137 867 1220; x_wconf 82' lang='lat' dir='ltr'><strong>Verum,</strong></span> <span class='ocrx_word' id='word_1_50' title='bbox 890 1153 946 1202; x_wconf 89' lang='lat' dir='ltr'><strong>nce</strong></span> <span class='ocrx_word' id='word_1_51' title='bbox 968 1145 1054 1205; x_wconf 87' lang='lat' dir='ltr'><strong>nocto</strong></span> <span class='ocrx_word' id='word_1_52' title='bbox 1076 1147 1212 1223; x_wconf 84' lang='lat' dir='ltr'><strong>paratum</strong></span> <span class='ocrx_word' id='word_1_53' title='bbox 1304 1210 1307 1219; x_wconf 18' lang='grc' dir='ltr'><strong><em>Δ</em></strong></span> <span class='ocrx_word' id='word_1_54' title='bbox 1440 1146 1478 1213; x_wconf 80' lang='lat' dir='ltr'><strong>bil</strong></span> 
     </span>
     <span class='ocr_line' id='line_1_8' title="bbox 387 1253 1114 1342; baseline 0.01 -22"><span class='ocrx_word' id='word_1_55' title='bbox 387 1253 526 1337; x_wconf 80' lang='lat' dir='ltr'><strong>Plorabit,</strong></span> <span class='ocrx_word' id='word_1_56' title='bbox 547 1254 599 1334; x_wconf 80' lang='lat' dir='ltr'><strong>qui</strong></span> <span class='ocrx_word' id='word_1_57' title='bbox 618 1270 667 1318; x_wconf 90' lang='lat' dir='ltr'><strong>me</strong></span> <span class='ocrx_word' id='word_1_58' title='bbox 688 1255 767 1320; x_wconf 85' lang='lat' dir='ltr'><strong>volet</strong></span> <span class='ocrx_word' id='word_1_59' title='bbox 787 1258 961 1327; x_wconf 81' lang='lat' dir='ltr'><strong>incurvasse</strong></span> <span class='ocrx_word' id='word_1_60' title='bbox 984 1260 1114 1342; x_wconf 79' lang='lat' dir='ltr'><strong>quercla.</strong></span> 
     </span>
     <span class='ocr_line' id='line_1_9' title="bbox 388 1374 1225 1446; baseline 0.006 -5"><span class='ocrx_word' id='word_1_61' title='bbox 388 1376 440 1442; x_wconf 90' lang='lat' dir='ltr'><strong>Set</strong></span> <span class='ocrx_word' id='word_1_62' title='bbox 460 1376 589 1438; x_wconf 84' lang='lat' dir='ltr'><strong>numeris</strong></span> <span class='ocrx_word' id='word_1_63' title='bbox 612 1374 701 1439; x_wconf 92' lang='lat' dir='ltr'><strong>decor</strong></span> <span class='ocrx_word' id='word_1_64' title='bbox 724 1382 769 1439; x_wconf 93' lang='lat' dir='ltr'><strong>est</strong></span> <span class='ocrx_word' id='word_1_65' title='bbox 791 1382 821 1439; x_wconf 89' lang='lat' dir='ltr'><strong>et</strong></span> <span class='ocrx_word' id='word_1_66' title='bbox 842 1376 976 1442; x_wconf 87' lang='lat' dir='ltr'><strong>iunctura</strong></span> <span class='ocrx_word' id='word_1_67' title='bbox 998 1378 1097 1443; x_wconf 89' lang='lat' dir='ltr'><strong>addita</strong></span> <span class='ocrx_word' id='word_1_68' title='bbox 1120 1380 1225 1446; x_wconf 89' lang='lat' dir='ltr'><strong>crudis.</strong></span> 
     </span>
     <span class='ocr_line' id='line_1_10' title="bbox 388 1474 1195 1589; baseline 0.002 -29"><span class='ocrx_word' id='word_1_69' title='bbox 388 1476 534 1560; x_wconf 83' lang='lat' dir='ltr'><strong>Claudcre</strong></span> <span class='ocrx_word' id='word_1_70' title='bbox 556 1474 739 1559; x_wconf 73' lang='lat' dir='ltr'><strong>sio&#39;vcrsum</strong></span> <span class='ocrx_word' id='word_1_71' title='bbox 754 1492 863 1589; x_wconf 18' lang='lat' dir='ltr'><strong>‚didicit</strong></span> <span class='ocrx_word' id='word_1_72' title='bbox 883 1494 1097 1577; x_wconf 72' lang='lat' dir='ltr'><strong>Berecynthius</strong></span> <span class='ocrx_word' id='word_1_73' title='bbox 1118 1496 1195 1563; x_wconf 78' lang='lat' dir='ltr'><strong>ntus</strong></span> 
     </span>
     <span class='ocr_line' id='line_1_11' title="bbox 386 1610 1156 1707; baseline 0.001 -27"><span class='ocrx_word' id='word_1_74' title='bbox 386 1616 431 1699; x_wconf 87' lang='lat' dir='ltr'><strong>Et,</strong></span> <span class='ocrx_word' id='word_1_75' title='bbox 455 1617 504 1699; x_wconf 92' lang='lat' dir='ltr'><strong>qui</strong></span> <span class='ocrx_word' id='word_1_76' title='bbox 526 1616 693 1707; x_wconf 86' lang='lat' dir='ltr'><strong>oacmleum</strong></span> <span class='ocrx_word' id='word_1_77' title='bbox 716 1614 870 1681; x_wconf 84' lang='lat' dir='ltr'><strong>dirimebat</strong></span> <span class='ocrx_word' id='word_1_78' title='bbox 892 1616 999 1701; x_wconf 87' lang='lat' dir='ltr'><strong>Nerea,</strong></span> <span class='ocrx_word' id='word_1_79' title='bbox 1022 1610 1156 1699; x_wconf 88' lang='lat' dir='ltr'><strong>delphin:</strong></span> 
     </span>
     <span class='ocr_line' id='line_1_12' title="bbox 388 1733 1086 1819; baseline 0.007 -22"><span class='ocrx_word' id='word_1_80' title='bbox 388 1733 439 1798; x_wconf 89' lang='lat' dir='ltr'><strong>Sic</strong></span> <span class='ocrx_word' id='word_1_81' title='bbox 462 1741 573 1799; x_wconf 88' lang='lat' dir='ltr'><strong>costam</strong></span> <span class='ocrx_word' id='word_1_82' title='bbox 594 1734 684 1819; x_wconf 82' lang='lat' dir='ltr'><strong>longo</strong></span> <span class='ocrx_word' id='word_1_83' title='bbox 707 1735 900 1801; x_wconf 81' lang='lat' dir='ltr'><strong>subduximus</strong></span> <span class='ocrx_word' id='word_1_84' title='bbox 923 1737 1086 1819; x_wconf 81' lang='lat' dir='ltr'><strong>Apennino.</strong></span> 
     </span>
     <span class='ocr_line' id='line_1_13' title="bbox 388 1854 1310 1944; baseline 0.007 -25"><span class='ocrx_word' id='word_1_85' title='bbox 388 1854 480 1919; x_wconf 81' lang='lat' dir='ltr'><strong>huma</strong></span> <span class='ocrx_word' id='word_1_86' title='bbox 500 1858 603 1940; x_wconf 83' lang='lat' dir='ltr'><strong>virum,</strong></span> <span class='ocrx_word' id='word_1_87' title='bbox 625 1872 725 1921; x_wconf 88' lang='lat' dir='ltr'><strong>nonne</strong></span> <span class='ocrx_word' id='word_1_88' title='bbox 744 1856 801 1921; x_wconf 90' lang='lat' dir='ltr'><strong>bno</strong></span> <span class='ocrx_word' id='word_1_89' title='bbox 821 1874 995 1938; x_wconf 81' lang='lat' dir='ltr'><strong>spumosum</strong></span> <span class='ocrx_word' id='word_1_90' title='bbox 1018 1864 1047 1922; x_wconf 88' lang='lat' dir='ltr'><strong>at</strong></span> <span class='ocrx_word' id='word_1_91' title='bbox 1068 1858 1177 1926; x_wconf 88' lang='lat' dir='ltr'><strong>cortice</strong></span> <span class='ocrx_word' id='word_1_92' title='bbox 1199 1856 1310 1944; x_wconf 69' lang='lat' dir='ltr'><strong>pingui,</strong></span> 
     </span>
     <span class='ocr_line' id='line_1_14' title="bbox 388 1974 1155 2057; baseline -0.001 -16"><span class='ocrx_word' id='word_1_93' title='bbox 388 1974 428 2041; x_wconf 89' lang='lat' dir='ltr'><strong>Ut</strong></span> <span class='ocrx_word' id='word_1_94' title='bbox 447 1975 560 2044; x_wconf 81' lang='lat' dir='ltr'><strong>ramale</strong></span> <span class='ocrx_word' id='word_1_95' title='bbox 581 1983 665 2041; x_wconf 86' lang='lat' dir='ltr'><strong>vetos</strong></span> <span class='ocrx_word' id='word_1_96' title='bbox 687 1975 869 2057; x_wconf 73' lang='lat' dir='ltr'><strong>praegrandi</strong></span> <span class='ocrx_word' id='word_1_97' title='bbox 890 1976 999 2042; x_wconf 87' lang='lat' dir='ltr'><strong>subere</strong></span> <span class='ocrx_word' id='word_1_98' title='bbox 1021 1976 1155 2044; x_wconf 82' lang='lat' dir='ltr'><strong>metunt</strong></span> 
     </span>
     <span class='ocr_line' id='line_1_15' title="bbox 390 2090 1282 2177; baseline 0.002 -20"><span class='ocrx_word' id='word_1_99' title='bbox 390 2090 533 2168; x_wconf 84' lang='lat' dir='ltr'><strong>Quidnam</strong></span> <span class='ocrx_word' id='word_1_100' title='bbox 556 2095 644 2175; x_wconf 86' lang='lat' dir='ltr'><strong>igitur</strong></span> <span class='ocrx_word' id='word_1_101' title='bbox 665 2101 797 2159; x_wconf 90' lang='lat' dir='ltr'><strong>tenerum</strong></span> <span class='ocrx_word' id='word_1_102' title='bbox 822 2103 851 2160; x_wconf 88' lang='lat' dir='ltr'><strong>et</strong></span> <span class='ocrx_word' id='word_1_103' title='bbox 872 2095 942 2160; x_wconf 83' lang='lat' dir='ltr'><strong>laxa</strong></span> <span class='ocrx_word' id='word_1_104' title='bbox 964 2098 1079 2161; x_wconf 87' lang='lat' dir='ltr'><strong>cervice</strong></span> <span class='ocrx_word' id='word_1_105' title='bbox 1101 2093 1282 2177; x_wconf 82' lang='lat' dir='ltr'><strong>legendum?</strong></span> 
     </span>
     <span class='ocr_line' id='line_1_16' title="bbox 389 2210 1158 2303; baseline 0.004 -28"><span class='ocrx_word' id='word_1_106' title='bbox 389 2210 487 2275; x_wconf 85' lang='lat' dir='ltr'><strong>Torva</strong></span> <span class='ocrx_word' id='word_1_107' title='bbox 508 2210 703 2275; x_wconf 83' lang='lat' dir='ltr'><strong>Mimalloneis</strong></span> <span class='ocrx_word' id='word_1_108' title='bbox 723 2212 880 2303; x_wconf 89' lang='lat' dir='ltr'><strong>implerunt</strong></span> <span class='ocrx_word' id='word_1_109' title='bbox 902 2230 1012 2278; x_wconf 88' lang='lat' dir='ltr'><strong>cornua</strong></span> <span class='ocrx_word' id='word_1_110' title='bbox 1034 2212 1158 2298; x_wconf 87' lang='lat' dir='ltr'><strong>bombis,</strong></span> 
     </span>
     <span class='ocr_line' id='line_1_17' title="bbox 390 2330 1093 2415; baseline 0.001 -21"><span class='ocrx_word' id='word_1_111' title='bbox 390 2332 428 2395; x_wconf 86' lang='lat' dir='ltr'><strong>Et</strong></span> <span class='ocrx_word' id='word_1_112' title='bbox 448 2336 563 2413; x_wconf 87' lang='lat' dir='ltr'><strong>raptum</strong></span> <span class='ocrx_word' id='word_1_113' title='bbox 583 2331 674 2395; x_wconf 85' lang='lat' dir='ltr'><strong>vitulo</strong></span> <span class='ocrx_word' id='word_1_114' title='bbox 697 2339 786 2413; x_wconf 85' lang='lat' dir='ltr'><strong>caput</strong></span> <span class='ocrx_word' id='word_1_115' title='bbox 807 2330 942 2396; x_wconf 87' lang='lat' dir='ltr'><strong>ablatura</strong></span> <span class='ocrx_word' id='word_1_116' title='bbox 963 2330 1093 2415; x_wconf 89' lang='lat' dir='ltr'><strong>superbo</strong></span> 
     </span>
     <span class='ocr_line' id='line_1_18' title="bbox 389 2450 1198 2535; baseline -0.002 -18"><span class='ocrx_word' id='word_1_117' title='bbox 389 2450 527 2517; x_wconf 87' lang='lat' dir='ltr'><strong>Bassaris</strong></span> <span class='ocrx_word' id='word_1_118' title='bbox 550 2458 578 2516; x_wconf 91' lang='lat' dir='ltr'><strong>ct</strong></span> <span class='ocrx_word' id='word_1_119' title='bbox 598 2450 715 2535; x_wconf 80' lang='lat' dir='ltr'><strong>lyncem</strong></span> <span class='ocrx_word' id='word_1_120' title='bbox 736 2452 859 2517; x_wconf 87' lang='lat' dir='ltr'><strong>Maenas</strong></span> <span class='ocrx_word' id='word_1_121' title='bbox 882 2452 995 2520; x_wconf 83' lang='lat' dir='ltr'><strong>ilenura</strong></span> <span class='ocrx_word' id='word_1_122' title='bbox 1018 2450 1167 2533; x_wconf 76' lang='lat' dir='ltr'><strong>corymbis</strong></span> <span class='ocrx_word' id='word_1_123' title='bbox 1196 2454 1198 2461; x_wconf 81' lang='grc'><strong>“</strong></span> 
     </span>
     <span class='ocr_line' id='line_1_19' title="bbox 345 2570 1133 2660; baseline -0.004 -22"><span class='ocrx_word' id='word_1_124' title='bbox 345 2650 350 2660; x_wconf 30' lang='lat'>¹</span> <span class='ocrx_word' id='word_1_125' title='bbox 389 2570 484 2642; x_wconf 80' lang='lat' dir='ltr'><strong>Euion</strong></span> <span class='ocrx_word' id='word_1_126' title='bbox 505 2573 674 2654; x_wconf 81' lang='lat' dir='ltr'><strong>ingeminat:</strong></span> <span class='ocrx_word' id='word_1_127' title='bbox 698 2571 875 2654; x_wconf 86' lang='lat' dir='ltr'><strong>reparabilis</strong></span> <span class='ocrx_word' id='word_1_128' title='bbox 896 2571 1022 2646; x_wconf 70' lang='lat' dir='ltr'><strong>emanat</strong></span> <span class='ocrx_word' id='word_1_129' title='bbox 1043 2570 1133 2639; x_wconf 86' lang='lat' dir='ltr'><strong>Echo.</strong></span> 
     </span>
     <span class='ocr_line' id='line_1_20' title="bbox 284 2691 1116 2776; baseline -0.004 -17"><span class='ocrx_word' id='word_1_130' title='bbox 284 2724 289 2737; x_wconf 86' lang='lat'><strong>·</strong></span> <span class='ocrx_word' id='word_1_131' title='bbox 389 2691 474 2759; x_wconf 83' lang='lat' dir='ltr'><strong>llaec</strong></span> <span class='ocrx_word' id='word_1_132' title='bbox 494 2692 605 2776; x_wconf 77' lang='lat' dir='ltr'><strong>fierent,</strong></span> <span class='ocrx_word' id='word_1_133' title='bbox 625 2695 653 2757; x_wconf 87' lang='lat' dir='ltr'><strong>si</strong></span> <span class='ocrx_word' id='word_1_134' title='bbox 673 2693 801 2759; x_wconf 88' lang='lat' dir='ltr'><strong>testiculi</strong></span> <span class='ocrx_word' id='word_1_135' title='bbox 821 2709 898 2759; x_wconf 89' lang='lat' dir='ltr'><strong>vena</strong></span> <span class='ocrx_word' id='word_1_136' title='bbox 920 2692 980 2757; x_wconf 89' lang='lat' dir='ltr'><strong>nlla</strong></span> <span class='ocrx_word' id='word_1_137' title='bbox 1000 2691 1116 2774; x_wconf 91' lang='lat' dir='ltr'><strong>paterni</strong></span> 
     </span>
     <span class='ocr_line' id='line_1_21' title="bbox 390 2813 1111 2881; baseline -0.004 -2"><span class='ocrx_word' id='word_1_138' title='bbox 390 2816 509 2879; x_wconf 83' lang='lat' dir='ltr'><strong>Viveret</strong></span> <span class='ocrx_word' id='word_1_139' title='bbox 530 2817 560 2878; x_wconf 94' lang='lat' dir='ltr'><strong>in</strong></span> <span class='ocrx_word' id='word_1_140' title='bbox 581 2813 687 2879; x_wconf 83' lang='lat' dir='ltr'><strong>nobis?</strong></span> <span class='ocrx_word' id='word_1_141' title='bbox 711 2815 832 2880; x_wconf 88' lang='lat' dir='ltr'><strong>Summa</strong></span> <span class='ocrx_word' id='word_1_142' title='bbox 855 2814 990 2881; x_wconf 89' lang='lat' dir='ltr'><strong>delumbe</strong></span> <span class='ocrx_word' id='word_1_143' title='bbox 1016 2814 1111 2878; x_wconf 85' lang='lat' dir='ltr'><strong>saliva</strong></span> 
     </span>
     <span class='ocr_line' id='line_1_22' title="bbox 389 2929 1470 3017; baseline -0.003 -19"><span class='ocrx_word' id='word_1_144' title='bbox 389 2933 455 2998; x_wconf 88' lang='lat' dir='ltr'><strong>lioc</strong></span> <span class='ocrx_word' id='word_1_145' title='bbox 475 2940 556 2997; x_wconf 89' lang='lat' dir='ltr'><strong>natat</strong></span> <span class='ocrx_word' id='word_1_146' title='bbox 575 2936 606 2996; x_wconf 93' lang='lat' dir='ltr'><strong>in</strong></span> <span class='ocrx_word' id='word_1_147' title='bbox 629 2933 729 3017; x_wconf 82' lang='lat' dir='ltr'><strong>labris,</strong></span> <span class='ocrx_word' id='word_1_148' title='bbox 752 2936 833 2997; x_wconf 92' lang='lat' dir='ltr'><strong>etin</strong></span> <span class='ocrx_word' id='word_1_149' title='bbox 854 2933 913 2997; x_wconf 93' lang='lat' dir='ltr'><strong>udo</strong></span> <span class='ocrx_word' id='word_1_150' title='bbox 937 2939 982 2997; x_wconf 92' lang='lat' dir='ltr'><strong>est</strong></span> <span class='ocrx_word' id='word_1_151' title='bbox 1003 2934 1126 2998; x_wconf 83' lang='lat' dir='ltr'><strong>Maenas</strong></span> <span class='ocrx_word' id='word_1_152' title='bbox 1147 2937 1177 2996; x_wconf 91' lang='lat' dir='ltr'><strong>et</strong></span> <span class='ocrx_word' id='word_1_153' title='bbox 1198 2929 1281 3011; x_wconf 82' lang='lat' dir='ltr'><strong>Attis,</strong></span> <span class='ocrx_word' id='word_1_154' title='bbox 1415 2933 1470 2997; x_wconf 80' lang='lat'><strong>105</strong></span> 
     </span>
     <span class='ocr_line' id='line_1_23' title="bbox 389 3051 1228 3136; baseline -0.002 -20"><span class='ocrx_word' id='word_1_155' title='bbox 389 3051 453 3117; x_wconf 83' lang='lat' dir='ltr'><strong>Ner</strong></span> <span class='ocrx_word' id='word_1_156' title='bbox 474 3052 604 3135; x_wconf 91' lang='lat' dir='ltr'><strong>pluteum</strong></span> <span class='ocrx_word' id='word_1_157' title='bbox 627 3051 729 3136; x_wconf 83' lang='lat' dir='ltr'><strong>caedit,</strong></span> <span class='ocrx_word' id='word_1_158' title='bbox 752 3068 808 3116; x_wconf 89' lang='lat' dir='ltr'><strong>nec</strong></span> <span class='ocrx_word' id='word_1_159' title='bbox 830 3051 984 3116; x_wconf 90' lang='lat' dir='ltr'><strong>demorsos</strong></span> <span class='ocrx_word' id='word_1_160' title='bbox 1007 3053 1086 3134; x_wconf 91' lang='lat' dir='ltr'><strong>sapit</strong></span> <span class='ocrx_word' id='word_1_161' title='bbox 1106 3065 1228 3134; x_wconf 85' lang='lat' dir='ltr'><strong>ungnes.</strong></span> 
     </span>
     <span class='ocr_line' id='line_1_24' title="bbox 391 3167 1149 3252; baseline 0 -17"><span class='ocrx_word' id='word_1_162' title='bbox 391 3170 444 3235; x_wconf 85' lang='lat' dir='ltr'><strong>Set</strong></span> <span class='ocrx_word' id='word_1_163' title='bbox 466 3167 536 3252; x_wconf 90' lang='lat' dir='ltr'><strong>quid</strong></span> <span class='ocrx_word' id='word_1_164' title='bbox 557 3187 631 3252; x_wconf 95' lang='lat' dir='ltr'><strong>opus</strong></span> <span class='ocrx_word' id='word_1_165' title='bbox 654 3175 773 3234; x_wconf 92' lang='lat' dir='ltr'><strong>teneras</strong></span> <span class='ocrx_word' id='word_1_166' title='bbox 795 3170 928 3239; x_wconf 90' lang='lat' dir='ltr'><strong>mordaci</strong></span> <span class='ocrx_word' id='word_1_167' title='bbox 950 3169 1056 3239; x_wconf 84' lang='lat' dir='ltr'><strong>radere</strong></span> <span class='ocrx_word' id='word_1_168' title='bbox 1077 3187 1149 3235; x_wconf 85' lang='lat' dir='ltr'><strong>vero</strong></span> 
     </span>
     <span class='ocr_line' id='line_1_25' title="bbox 308 3288 1139 3376; baseline 0.002 -24"><span class='ocrx_word' id='word_1_169' title='bbox 308 3341 314 3352; x_wconf 92' lang='lat'><em>.</em></span> <span class='ocrx_word' id='word_1_170' title='bbox 389 3289 570 3355; x_wconf 70' lang='lat' dir='ltr'><strong>tuniculas?</strong></span> <span class='ocrx_word' id='word_1_171' title='bbox 593 3288 668 3354; x_wconf 89' lang='lat' dir='ltr'><strong>llidc</strong></span> <span class='ocrx_word' id='word_1_172' title='bbox 690 3293 741 3376; x_wconf 81' lang='lat' dir='ltr'><strong>sis,</strong></span> <span class='ocrx_word' id='word_1_173' title='bbox 763 3309 801 3356; x_wconf 93' lang='lat' dir='ltr'><strong>ne</strong></span> <span class='ocrx_word' id='word_1_174' title='bbox 823 3294 967 3358; x_wconf 88' lang='lat' dir='ltr'><strong>maiorum</strong></span> <span class='ocrx_word' id='word_1_175' title='bbox 991 3290 1042 3356; x_wconf 92' lang='lat' dir='ltr'><strong>tibi</strong></span> <span class='ocrx_word' id='word_1_176' title='bbox 1064 3291 1139 3354; x_wconf 86' lang='lat' dir='ltr'><strong>iente</strong></span> 
     </span>
     <span class='ocr_line' id='line_1_26' title="bbox 389 3405 1155 3491; baseline -0.012 -14"><span class='ocrx_word' id='word_1_177' title='bbox 389 3409 503 3477; x_wconf 83' lang='lat' dir='ltr'><strong>Limina</strong></span> <span class='ocrx_word' id='word_1_178' title='bbox 524 3411 806 3491; x_wconf 50' lang='lat' dir='ltr'><strong>frigescantz‘sonat</strong></span> <span class='ocrx_word' id='word_1_179' title='bbox 825 3410 875 3475; x_wconf 85' lang='lat' dir='ltr'><strong>bic</strong></span> <span class='ocrx_word' id='word_1_180' title='bbox 897 3408 933 3478; x_wconf 89' lang='lat' dir='ltr'><strong>de</strong></span> <span class='ocrx_word' id='word_1_181' title='bbox 956 3423 1027 3479; x_wconf 87' lang='lat' dir='ltr'><strong>nare</strong></span> <span class='ocrx_word' id='word_1_182' title='bbox 1051 3405 1155 3470; x_wconf 87' lang='lat' dir='ltr'><strong>canina</strong></span> 
     </span>
     <span class='ocr_line' id='line_1_27' title="bbox 391 3520 1472 3610; baseline -0.006 -18"><span class='ocrx_word' id='word_1_183' title='bbox 391 3529 508 3593; x_wconf 80' lang='lat' dir='ltr'><strong>Littera.</strong></span> <span class='ocrx_word' id='word_1_184' title='bbox 551 3529 609 3593; x_wconf 90' lang='lat' dir='ltr'><strong>Pcr</strong></span> <span class='ocrx_word' id='word_1_185' title='bbox 628 3545 676 3594; x_wconf 88' lang='lat' dir='ltr'><strong>me</strong></span> <span class='ocrx_word' id='word_1_186' title='bbox 700 3527 837 3610; x_wconf 85' lang='lat' dir='ltr'><strong>equidem</strong></span> <span class='ocrx_word' id='word_1_187' title='bbox 858 3528 917 3592; x_wconf 88' lang='lat' dir='ltr'><strong>sint</strong></span> <span class='ocrx_word' id='word_1_188' title='bbox 938 3524 1036 3592; x_wconf 84' lang='lat' dir='ltr'><strong>omnia</strong></span> <span class='ocrx_word' id='word_1_189' title='bbox 1056 3522 1190 3604; x_wconf 84' lang='lat' dir='ltr'><strong>protinus</strong></span> <span class='ocrx_word' id='word_1_190' title='bbox 1212 3520 1293 3596; x_wconf 84' lang='lat' dir='ltr'><strong>alba:</strong></span> <span class='ocrx_word' id='word_1_191' title='bbox 1411 3527 1472 3594; x_wconf 84' lang='lat'><strong>110</strong></span> 
     </span>
    </p>
   </div>
   <div class='ocr_carea' id='block_1_3' title="bbox 292 3715 1474 4589">
    <p class='ocr_par' dir='ltr' id='par_1_3' title="bbox 292 3715 1474 4589">
     <span class='ocr_line' id='line_1_28' title="bbox 350 3715 1473 3794; baseline 0.001 -19"><span class='ocrx_word' id='word_1_192' title='bbox 350 3735 354 3741; x_wconf 73' lang='grc'><em>’</em></span> <span class='ocrx_word' id='word_1_193' title='bbox 367 3722 397 3775; x_wconf 91' lang='lat' dir='ltr'><strong>V.</strong></span> <span class='ocrx_word' id='word_1_194' title='bbox 411 3723 438 3774; x_wconf 88' lang='lat' dir='ltr'><strong>L.</strong></span> <span class='ocrx_word' id='word_1_195' title='bbox 458 3721 502 3776; x_wconf 79' lang='lat'><strong>86.</strong></span> <span class='ocrx_word' id='word_1_196' title='bbox 521 3723 635 3794; x_wconf 82' lang='lat' dir='ltr'><strong>Scaliger</strong></span> <span class='ocrx_word' id='word_1_197' title='bbox 647 3724 742 3776; x_wconf 77' lang='lat' dir='ltr'><strong>doctas.</strong></span> <span class='ocrx_word' id='word_1_198' title='bbox 773 3720 817 3772; x_wconf 85' lang='grc'><strong>87.</strong></span> <span class='ocrx_word' id='word_1_199' title='bbox 832 3719 920 3775; x_wconf 85' lang='lat' dir='ltr'><strong>bellum</strong></span> <span class='ocrx_word' id='word_1_200' title='bbox 931 3718 979 3770; x_wconf 90' lang='lat' dir='ltr'><strong>boc</strong></span> <span class='ocrx_word' id='word_1_201' title='bbox 991 3717 1079 3775; x_wconf 79' lang='lat' dir='ltr'><strong>bellum</strong></span> <span class='ocrx_word' id='word_1_202' title='bbox 1092 3715 1205 3784; x_wconf 83' lang='lat' dir='ltr'><strong>(plurimi</strong></span> <span class='ocrx_word' id='word_1_203' title='bbox 1219 3717 1304 3773; x_wconf 88' lang='lat' dir='ltr'><strong>addite</strong></span> <span class='ocrx_word' id='word_1_204' title='bbox 1317 3717 1374 3786; x_wconf 80' lang='lat' dir='ltr'><strong>eat),</strong></span> <span class='ocrx_word' id='word_1_205' title='bbox 1386 3718 1473 3776; x_wconf 81' lang='lat' dir='ltr'><strong>bellum</strong></span> 
     </span>
     <span class='ocr_line' id='line_1_29' title="bbox 294 3805 1471 3878; baseline -0.004 -13"><span class='ocrx_word' id='word_1_206' title='bbox 294 3812 342 3865; x_wconf 92' lang='lat' dir='ltr'><strong>hcc</strong></span> <span class='ocrx_word' id='word_1_207' title='bbox 367 3811 455 3865; x_wconf 85' lang='lat' dir='ltr'><strong>beilum</strong></span> <span class='ocrx_word' id='word_1_208' title='bbox 482 3813 537 3865; x_wconf 89' lang='lat' dir='ltr'><strong>hoe.</strong></span> <span class='ocrx_word' id='word_1_209' title='bbox 565 3815 632 3866; x_wconf 84' lang='lat' dir='ltr'><strong>cecis</strong></span> <span class='ocrx_word' id='word_1_210' title='bbox 659 3821 718 3878; x_wconf 86' lang='lat' dir='ltr'><strong>aput</strong></span> <span class='ocrx_word' id='word_1_211' title='bbox 744 3809 875 3861; x_wconf 85' lang='lat' dir='ltr'><strong>Claudium</strong></span> <span class='ocrx_word' id='word_1_212' title='bbox 903 3807 1003 3860; x_wconf 86' lang='lat' dir='ltr'><strong>sacerd.</strong></span> <span class='ocrx_word' id='word_1_213' title='bbox 1050 3805 1092 3857; x_wconf 87' lang='lat'><strong>90.</strong></span> <span class='ocrx_word' id='word_1_214' title='bbox 1121 3809 1218 3873; x_wconf 82' lang='lat' dir='ltr'><strong>perles.</strong></span> <span class='ocrx_word' id='word_1_215' title='bbox 1256 3805 1299 3858; x_wconf 87' lang='grc'><strong>91.</strong></span> <span class='ocrx_word' id='word_1_216' title='bbox 1328 3807 1471 3864; x_wconf 83' lang='lat' dir='ltr'><strong>incurvare.</strong></span> 
     </span>
     <span class='ocr_line' id='line_1_30' title="bbox 295 3891 1468 3969; baseline -0.002 -19"><span class='ocrx_word' id='word_1_217' title='bbox 295 3898 337 3951; x_wconf 86' lang='grc'><strong>92.</strong></span> <span class='ocrx_word' id='word_1_218' title='bbox 357 3903 400 3969; x_wconf 85' lang='lat' dir='ltr'><strong>eat,</strong></span> <span class='ocrx_word' id='word_1_219' title='bbox 428 3905 451 3954; x_wconf 87' lang='lat' dir='ltr'><strong>et</strong></span> <span class='ocrx_word' id='word_1_220' title='bbox 468 3901 553 3969; x_wconf 82' lang='lat' dir='ltr'><strong>uolgo.</strong></span> <span class='ocrx_word' id='word_1_221' title='bbox 573 3901 674 3952; x_wconf 86' lang='lat' dir='ltr'><strong>lleister</strong></span> <span class='ocrx_word' id='word_1_222' title='bbox 692 3901 745 3959; x_wconf 64' lang='lat' dir='ltr'><strong>est·</strong></span> <span class='ocrx_word' id='word_1_223' title='bbox 764 3901 788 3950; x_wconf 86' lang='lat' dir='ltr'><strong>et</strong></span> <span class='ocrx_word' id='word_1_224' title='bbox 804 3899 829 3965; x_wconf 72' lang='lat' dir='ltr'><strong>i,</strong></span> <span class='ocrx_word' id='word_1_225' title='bbox 848 3913 871 3950; x_wconf 90' lang='lat' dir='ltr'><strong>c.</strong></span> <span class='ocrx_word' id='word_1_226' title='bbox 897 3895 989 3964; x_wconf 83' lang='lat' dir='ltr'><strong>crudis,</strong></span> <span class='ocrx_word' id='word_1_227' title='bbox 1017 3895 1046 3947; x_wconf 88' lang='lat' dir='ltr'><strong>cl.</strong></span> <span class='ocrx_word' id='word_1_228' title='bbox 1083 3891 1126 3944; x_wconf 85' lang='grc'><strong>93.</strong></span> <span class='ocrx_word' id='word_1_229' title='bbox 1154 3892 1239 3946; x_wconf 85' lang='lat' dir='ltr'><strong>didicit</strong></span> <span class='ocrx_word' id='word_1_230' title='bbox 1266 3905 1374 3946; x_wconf 84' lang='lat' dir='ltr'><strong>uersum.</strong></span> <span class='ocrx_word' id='word_1_231' title='bbox 1391 3897 1468 3952; x_wconf 80' lang='lat' dir='ltr'><strong>d&#39;tia.</strong></span> 
     </span>
     <span class='ocr_line' id='line_1_31' title="bbox 294 3983 1472 4058; baseline -0.006 -17"><span class='ocrx_word' id='word_1_232' title='bbox 294 3987 376 4058; x_wconf 69' lang='lat' dir='ltr'><strong>dilys</strong></span> <span class='ocrx_word' id='word_1_233' title='bbox 412 3988 454 4039; x_wconf 71' lang='grc'><strong>94.</strong></span> <span class='ocrx_word' id='word_1_234' title='bbox 474 3989 635 4057; x_wconf 71' lang='lat' dir='ltr'><strong>Wagnernt.</strong></span> <span class='ocrx_word' id='word_1_235' title='bbox 671 3985 713 4037; x_wconf 85' lang='grc'><strong>95.</strong></span> <span class='ocrx_word' id='word_1_236' title='bbox 732 3987 763 4038; x_wconf 86' lang='lat' dir='ltr'><strong>si.</strong></span> <span class='ocrx_word' id='word_1_237' title='bbox 779 3986 927 4051; x_wconf 76' lang='lat' dir='ltr'><strong>siccatum,</strong></span> <span class='ocrx_word' id='word_1_238' title='bbox 950 3983 1364 4042; x_wconf 79' lang='lat' dir='ltr'><strong>undeceniecernatciannnlcm</strong></span> <span class='ocrx_word' id='word_1_239' title='bbox 1393 3983 1472 4042; x_wconf 79' lang='lat' dir='ltr'><strong>96.e</strong></span> 
     </span>
     <span class='ocr_line' id='line_1_32' title="bbox 295 4069 1474 4145; baseline -0.008 -16"><span class='ocrx_word' id='word_1_240' title='bbox 295 4079 395 4145; x_wconf 85' lang='lat' dir='ltr'><strong>cortice,</strong></span> <span class='ocrx_word' id='word_1_241' title='bbox 413 4077 440 4129; x_wconf 83' lang='lat' dir='ltr'><strong>tn</strong></span> <span class='ocrx_word' id='word_1_242' title='bbox 456 4079 557 4129; x_wconf 82' lang='lat' dir='ltr'><strong>ocrlice.</strong></span> <span class='ocrx_word' id='word_1_243' title='bbox 576 4076 673 4142; x_wconf 83' lang='lat' dir='ltr'><strong>lloenig</strong></span> <span class='ocrx_word' id='word_1_244' title='bbox 690 4074 739 4125; x_wconf 90' lang='lat' dir='ltr'><strong>hcc</strong></span> <span class='ocrx_word' id='word_1_245' title='bbox 757 4087 810 4125; x_wconf 84' lang='lat' dir='ltr'><strong>nnn</strong></span> <span class='ocrx_word' id='word_1_246' title='bbox 828 4085 956 4139; x_wconf 63' lang='lat' dir='ltr'><strong>worma.</strong></span> <span class='ocrx_word' id='word_1_247' title='bbox 984 4071 1036 4124; x_wconf 77' lang='lat' dir='ltr'><strong>ni.</strong></span> <span class='ocrx_word' id='word_1_248' title='bbox 1054 4070 1178 4139; x_wconf 67' lang='lat' dir='ltr'><strong>comacula*</strong></span> <span class='ocrx_word' id='word_1_249' title='bbox 1196 4069 1334 4137; x_wconf 80' lang='lat' dir='ltr'><strong>Porphyric</strong></span> <span class='ocrx_word' id='word_1_250' title='bbox 1359 4079 1383 4126; x_wconf 84' lang='lat' dir='ltr'><strong>et</strong></span> <span class='ocrx_word' id='word_1_251' title='bbox 1409 4077 1474 4128; x_wconf 78' lang='lat' dir='ltr'><strong>Ser.</strong></span> 
     </span>
     <span class='ocr_line' id='line_1_33' title="bbox 292 4157 1473 4232; baseline -0.002 -18"><span class='ocrx_word' id='word_1_252' title='bbox 292 4167 357 4216; x_wconf 79' lang='lat' dir='ltr'><strong>rina.</strong></span> <span class='ocrx_word' id='word_1_253' title='bbox 376 4161 475 4232; x_wconf 84' lang='lat' dir='ltr'><strong>lloenig</strong></span> <span class='ocrx_word' id='word_1_254' title='bbox 494 4163 525 4215; x_wconf 83' lang='lat' dir='ltr'><strong>de</strong></span> <span class='ocrx_word' id='word_1_255' title='bbox 540 4163 641 4230; x_wconf 68' lang='lat' dir='ltr'><strong>praemi</strong></span> <span class='ocrx_word' id='word_1_256' title='bbox 660 4163 760 4213; x_wconf 82' lang='lat' dir='ltr'><strong>bleister</strong></span> <span class='ocrx_word' id='word_1_257' title='bbox 785 4161 877 4214; x_wconf 82' lang='lat' dir='ltr'><strong>lubere.</strong></span> <span class='ocrx_word' id='word_1_258' title='bbox 904 4160 1019 4227; x_wconf 79' lang='lat' dir='ltr'><strong>Spurium</strong></span> <span class='ocrx_word' id='word_1_259' title='bbox 1047 4175 1147 4214; x_wconf 86' lang='lat' dir='ltr'><strong>versum</strong></span> <span class='ocrx_word' id='word_1_260' title='bbox 1176 4158 1252 4212; x_wconf 84' lang='lat' dir='ltr'><strong>babet</strong></span> <span class='ocrx_word' id='word_1_261' title='bbox 1277 4157 1390 4226; x_wconf 66' lang='lat' dir='ltr'><strong>Guneus.</strong></span> <span class='ocrx_word' id='word_1_262' title='bbox 1431 4166 1473 4220; x_wconf 86' lang='grc'><strong>99,</strong></span> 
     </span>
     <span class='ocr_line' id='line_1_34' title="bbox 293 4247 1473 4321; baseline -0.007 -17"><span class='ocrx_word' id='word_1_263' title='bbox 293 4251 448 4304; x_wconf 76' lang='lat' dir='ltr'><strong>Passeratius</strong></span> <span class='ocrx_word' id='word_1_264' title='bbox 466 4248 596 4321; x_wconf 69' lang='lat' dir='ltr'><strong>intimant,</strong></span> <span class='ocrx_word' id='word_1_265' title='bbox 615 4250 809 4320; x_wconf 79' lang='lat' dir='ltr'><strong>Hagcnbucbiua</strong></span> <span class='ocrx_word' id='word_1_266' title='bbox 827 4250 1001 4304; x_wconf 80' lang='lat' dir='ltr'><strong>Mimalloneoa</strong></span> <span class='ocrx_word' id='word_1_267' title='bbox 1019 4248 1134 4319; x_wconf 73' lang='lat' dir='ltr'><strong>efflarunt</strong></span> <span class='ocrx_word' id='word_1_268' title='bbox 1151 4264 1173 4303; x_wconf 84' lang='lat' dir='ltr'><strong>c.</strong></span> <span class='ocrx_word' id='word_1_269' title='bbox 1192 4247 1300 4302; x_wconf 77' lang='lat' dir='ltr'><strong>beandos.</strong></span> <span class='ocrx_word' id='word_1_270' title='bbox 1338 4249 1390 4304; x_wconf 85' lang='lat' dir='ltr'><strong>ton.</strong></span> <span class='ocrx_word' id='word_1_271' title='bbox 1410 4270 1473 4312; x_wconf 66' lang='lat' dir='ltr'><strong>sec.</strong></span> 
     </span>
     <span class='ocr_line' id='line_1_35' title="bbox 295 4337 1474 4406; baseline 0.006 -17"><span class='ocrx_word' id='word_1_272' title='bbox 295 4344 354 4393; x_wconf 82' lang='lat' dir='ltr'><strong>tum.</strong></span> <span class='ocrx_word' id='word_1_273' title='bbox 373 4338 497 4390; x_wconf 82' lang='lat' dir='ltr'><strong>blarcilius</strong></span> <span class='ocrx_word' id='word_1_274' title='bbox 514 4341 612 4406; x_wconf 75' lang='lat' dir='ltr'><strong>ruptim.</strong></span> <span class='ocrx_word' id='word_1_275' title='bbox 632 4355 723 4392; x_wconf 86' lang='lat' dir='ltr'><strong>censor</strong></span> <span class='ocrx_word' id='word_1_276' title='bbox 740 4337 854 4391; x_wconf 83' lang='lat' dir='ltr'><strong>Heidelb.</strong></span> <span class='ocrx_word' id='word_1_277' title='bbox 874 4338 998 4392; x_wconf 65' lang='lat' dir='ltr'><strong>walcra.</strong></span> <span class='ocrx_word' id='word_1_278' title='bbox 1039 4337 1095 4394; x_wconf 82' lang='lat'>102.</span> <span class='ocrx_word' id='word_1_279' title='bbox 1115 4337 1212 4406; x_wconf 74' lang='lat' dir='ltr'><strong>miton,</strong></span> <span class='ocrx_word' id='word_1_280' title='bbox 1226 4337 1337 4392; x_wconf 70' lang='lat' dir='ltr'><strong>euthitiu-</strong></span> <span class='ocrx_word' id='word_1_281' title='bbox 1350 4337 1474 4400; x_wconf 82' lang='lat' dir='ltr'><strong>dlarcilrus</strong></span> 
     </span>
     <span class='ocr_line' id='line_1_36' title="bbox 295 4426 1474 4496; baseline 0.003 -15"><span class='ocrx_word' id='word_1_282' title='bbox 295 4428 430 4495; x_wconf 66' lang='lat' dir='ltr'><strong>amantino.</strong></span> <span class='ocrx_word' id='word_1_283' title='bbox 470 4426 528 4481; x_wconf 83' lang='lat'><strong>103.</strong></span> <span class='ocrx_word' id='word_1_284' title='bbox 546 4428 652 4480; x_wconf 79' lang='lat' dir='ltr'><strong>conada.</strong></span> <span class='ocrx_word' id='word_1_285' title='bbox 693 4429 751 4482; x_wconf 85' lang='lat'>105.</span> <span class='ocrx_word' id='word_1_286' title='bbox 768 4427 869 4494; x_wconf 74' lang='lat' dir='ltr'><strong>Koenig</strong></span> <span class='ocrx_word' id='word_1_287' title='bbox 886 4430 985 4491; x_wconf 78' lang='lat' dir='ltr'><strong>ieiamo,¹</strong></span> <span class='ocrx_word' id='word_1_288' title='bbox 1004 4433 1029 4482; x_wconf 87' lang='lat' dir='ltr'><strong>ct</strong></span> <span class='ocrx_word' id='word_1_289' title='bbox 1046 4429 1079 4484; x_wconf 84' lang='lat' dir='ltr'><strong>dl.</strong></span> <span class='ocrx_word' id='word_1_290' title='bbox 1092 4430 1474 4496; x_wconf 64' lang='lat' dir='ltr'><strong>uuiversumcpurinnoanaen</strong></span> 
     </span>
     <span class='ocr_line' id='line_1_37' title="bbox 300 4513 1039 4589; baseline -0.001 -18"><span class='ocrx_word' id='word_1_291' title='bbox 300 4513 359 4571; x_wconf 84' lang='lat' dir='ltr'><strong>lon.</strong></span> <span class='ocrx_word' id='word_1_292' title='bbox 377 4514 493 4568; x_wconf 84' lang='lat' dir='ltr'><strong>Heiucina</strong></span> <span class='ocrx_word' id='word_1_293' title='bbox 512 4514 627 4570; x_wconf 64' lang='lat' dir='ltr'><strong>dorcam</strong></span> <span class='ocrx_word' id='word_1_294' title='bbox 667 4516 725 4572; x_wconf 81' lang='lat'><strong>108.</strong></span> <span class='ocrx_word' id='word_1_295' title='bbox 742 4516 868 4570; x_wconf 85' lang='lat' dir='ltr'><strong>Schrader</strong></span> <span class='ocrx_word' id='word_1_296' title='bbox 884 4518 979 4589; x_wconf 74' lang='lat' dir='ltr'><strong>videon,</strong></span> <span class='ocrx_word' id='word_1_297' title='bbox 999 4532 1039 4572; x_wconf 81' lang='lat' dir='ltr'><strong>me.</strong></span> 
     </span>
    </p>
   </div>
   <div class='ocr_carea' id='block_1_4' title="bbox 0 0 1664 4975">
    <p class='ocr_par' dir='ltr' id='par_1_4' title="bbox 0 0 1664 4975">
     <span class='ocr_line' id='line_1_38' title="bbox 0 0 1664 4975; baseline 0 0"><span class='ocrx_word' id='word_1_298' title='bbox 0 0 1664 4975; x_wconf 95' lang='lat' dir='ltr'><strong> </strong></span> 
     </span>
    </p>
   </div>
  </div>
 </body>
</html>
