3300 4975
413 496 494 562 Antis
514 512 639 563 severae
661 498 689 563 sl
710 498 776 580 quis
798 496 898 565 hamat
918 498 1040 565 effectus

411 601 598 685 Montemque
618 602 735 685 magnis
757 602 896 689 applicat,
917 604 998 687 prius
1020 620 1109 671 more-

410 704 598 787 Frugalitatis
619 704 688 787 lego
710 704 820 789 polleat
843 712 960 772 exacta:

410 808 474 873 Neo
495 815 578 874 curet
599 809 659 874 alto
680 812 793 891 regiam
814 817 923 875 trucem
945 810 1027 876 voltu

411 912 548 978 cliensve
570 930 661 979 cenas
682 916 883 996 impotentium
906 921 1014 999 captet:

409 1016 474 1081 Neo
494 1014 618 1097 perditis
639 1015 772 1081 addictus
794 1016 900 1081 obruat
920 1018 989 1083 uino

410 1118 516 1183 nentis
539 1118 670 1182 calorem
691 1135 767 1184 uere
788 1120 910 1201 plausor
932 1122 962 1183 in
984 1136 1094 1184 scaena

411 1222 451 1288 Se
475 1220 524 1285 det
545 1220 715 1304 redemptus
737 1223 908 1287 histrioniae
930 1222 1072 1288 addictus.

197 1325 325 1404 Quodsi
357 1327 419 1391 uita
439 1322 527 1389 tradit
557 1323 634 1388 lecto
654 1324 759 1389 Lucilii
791 1325 867 1389 libro
901 1324 1015 1391 decimo
1037 1326 1171 1401 Persium
1203 1327 1392 1394 vehementer

196 1433 319 1498 satiras
342 1442 519 1511 componere
540 1427 701 1510 incepisse,
736 1429 818 1491 ouius
841 1425 908 1491 libri
940 1429 1052 1492 initium
1073 1430 1200 1495 imitatus
1234 1434 1271 1495 sit
1294 1427 1393 1514 [quod

193 1537 329 1600 minime
351 1532 390 1597 ad
404 1532 559 1614 prologum
574 1528 761 1593 referendum
782 1528 856 1614 est),
878 1537 998 1595 nostrae
1014 1534 1123 1596 satirae
1137 1535 1313 1615 principium
1326 1533 1394 1598 inde

195 1639 332 1713 ductum
354 1652 423 1699 esse
444 1633 589 1715 suspicari
609 1630 686 1694 lioet
729 1631 855 1695 Versum
878 1632 896 1695 2
920 1630 1064 1715 [primum
1087 1634 1250 1718 cPinzgeri
1272 1638 1394 1701 coniec-

189 1738 295 1824 tura)
321 1737 358 1802 de
372 1736 472 1801 Lucilii
492 1735 587 1817 primo
601 1732 735 1796 Persium
756 1734 941 1797 transtulisse
964 1737 1161 1802 1111111127
1183 1738 1261 1804 hunc
1274 1745 1393 1822 poetam

192 1843 399 1925 expressisse
428 1841 459 1903 in
489 1837 611 1903 scholiis
632 1842 775 1899 narratur.
817 1834 965 1900 Neronem
988 1830 1045 1901 hac
1079 1842 1171 1903 satira
1191 1840 1324 1906 Persium
1346 1848 1395 1906 11-

191 1949 315 2029 tigisse
336 1947 422 2009 nimis
443 1947 549 2025 arguta
569 1945 702 2005 ueterum
722 1938 949 2005 scholiastarum
971 1943 1116 2005 sententia
1138 1947 1195 2027 est,
1229 1945 1280 2025 qui
1302 1964 1328 2009 1.
1352 1945 1393 2009 94

195 2067 253 2131 sq.
291 2054 324 2111 11
344 2053 476 2129 quattuor
504 2044 573 2109 inde
595 2059 614 2106 a
636 2061 662 2106 1.
685 2043 726 2105 99
748 2041 875 2107 Neronis
898 2058 966 2106 esse
988 2041 1105 2107 tradunt
1131 2049 1160 2107 11
1180 2044 1395 2125 Polydamanta

196 2173 235 2217 u.
261 2154 285 2214 1
308 2155 337 2214 11
356 2149 463 2214 llidam
484 2168 515 2215 1.
540 2148 596 2212 121
634 2142 691 2229 (of.
713 2148 825 2210 vitain
848 2144 924 2232 fine)
946 2145 1094 2210 Neronem
1115 2148 1297 2229 interpretati
1319 2155 1395 2213 sunt

202 2253 252 2317 Cf.
277 2253 414 2318 Jahnium
435 2252 572 2333 Prolcgg.
604 2269 632 2332 p.
654 2250 761 2314 LXXV
781 2267 847 2333 sqq.
854 2302 861 2335 ‚
896 2252 946 2332 qui
978 2249 1015 2314 de
1038 2249 1164 2315 Neronis
1196 2268 1326 2333 persona
1347 2253 1395 2317 hic

193 2358 369 2438 praecipue
393 2359 540 2437 castigata
570 2370 629 2418 non
652 2352 771 2417 dubitat.
814 2354 847 2417 ln
870 2352 944 2417 duas
967 2356 1074 2417 satiras
1098 2371 1217 2418 carmen
1243 2354 1339 2419 diuisit
1361 2353 1393 2420 G.

195 2459 233 2524 L.
258 2458 387 2543 Koeuig‚
410 2476 532 2542 quarum
554 2460 636 2541 prior
649 2455 784 2522 versibus
809 2455 913 2521 1-12
937 2456 1159 2543 11107-131,
1182 2456 1276 2521 altera
1298 2472 1393 2543 exea,

194 2580 283 2645 quae
318 2563 436 2645 reliqua
459 2564 508 2647 sit,
544 2555 771 2643 partc'oonstet.
814 2551 905 2622 roem
923 2558 1019 2622 Persii
1051 2559 1145 2624 editor
1175 2579 1202 2625 1.
1227 2561 1267 2626 39
1301 2562 1393 2645 111111,

196 2665 370 2730 Passouius
402 2681 475 2731 uero
515 2666 547 2727 in
585 2682 612 2728 v.
634 2664 761 2727 tto-to
803 2660 948 2743 dupliocm
982 2665 1067 2744 quasi
1098 2665 1304 2728 recensionem
1335 2663 1393 2729 sibi

197 2766 301 2850 tinxit,
322 2774 356 2830 ut
376 2775 423 2831 aut
443 2769 572 2850 priorem
594 2766 681 2829 huius
701 2764 761 2829 loci
774 2766 899 2829 sormam
921 2781 1075 2830 euoenon
1091 2769 1223 2832 111111-
1239 2770 1392 2843 11111111,

195 2876 258 2935 aut
282 2869 407 2934 alteram
427 2889 508 2936 auae
528 2888 589 2935 oon
611 2887 628 2935 c
648 2871 788 2934 monitos
812 2905 851 2916 -
873 2869 971 2933 ototoe
990 2869 1020 2933 in
1041 2869 1117 2933 libro
1140 2868 1254 2934 edendo
1276 2870 1394 2951 eligen-

196 2974 275 3038 dam
309 2981 400 3056 poeta
432 2973 489 3039 sibi
510 2976 682 3040 servaverit.
730 2974 783 3038 Set
804 2975 840 3038 ol.
861 2973 987 3038 Jalruurn
1019 2972 1157 3054 Prolegg.
1187 2990 1215 3054 p.
1237 2972 1328 3037 XLVI
1349 2989 1393 3055 sq.

199 3076 370 3140 Transtulit
389 3084 519 3142 nostram
542 3080 671 3161 satiram,
693 3079 808 3142 tertiam
831 3084 860 3141 et
881 3081 1010 3160 quintum
1032 3074 1155 3160 Homer,
1181 3077 1226 3140 uir
1249 3092 1394 3158 summus;

195 3183 304 3264 prima
326 3197 393 3244 curn
415 3181 540 3263 prologo
562 3185 592 3246 in
606 3181 754 3246 Adrastea
775 3181 844 3243 anni
868 3179 946 3244 1801
973 3179 1097 3261 primum
1119 3176 1234 3261 prodiit.
1264 3177 1306 3242 Gi.
1331 3181 1394 3242 eius

196 3301 305 3368 opera
328 3282 367 3347 ad
389 3292 468 3348 artes
502 3292 532 3349 et
551 3285 665 3350 litteras
688 3284 840 3366 elegantes
854 3285 1030 3366 pertinentia
1052 3290 1070 3347 t
1095 3281 1143 3346 Χ1.
1179 3281 1313 3348 Persium
1335 3297 1394 3347 err-

196 3393 317 3474 pressit
337 3389 492 3456 Bollarius
513 3392 605 3457 satira
624 3389 703 3456 Vllll
724 3407 752 3455 1.
774 3389 836 3456 223
860 3405 925 3474 sqq.
947 3395 977 3454 et
999 3387 1062 3454 290
1084 3402 1149 3469 sqq.
