3300 4975
309 358 367 437 ΑΒ
773 366 906 427 Satin
918 365 1018 434 1111.

407 530 480 618 Item
500 552 602 635 pepuli
622 554 751 617 tracas?
772 550 933 621 Barbatum
955 556 1031 621 baec
1052 554 1140 621 crede
1162 556 1334 640 magistrum

395 672 523 757 ¹Dicere,
545 672 664 738 sorbitio
685 675 760 739 tnllit
781 692 869 758 quem
892 678 956 742 dira
978 680 1098 743 cicutae.

408 791 473 869 Qun
495 794 595 877 iratus,
618 790 665 857 dic
686 794 751 878 boc,
774 796 873 877 magni
895 796 1005 878 pupille
1027 794 1145 859 Periclii

408 910 526 976 Scilicet
546 914 693 993 ingenium
715 919 745 978 et
766 931 863 978 rernm
886 915 1041 997 prudentia
1062 916 1150 980 velox

405 1033 482 1098 Ante
504 1033 581 1116 pdos
602 1037 690 1119 uenit,
712 1036 835 1101 dicenda
858 1038 1042 1121 tacendaque
1065 1038 1164 1105 calles

404 1151 493 1236 Ergo,
515 1150 566 1217 ubi
587 1161 733 1218 commota
754 1155 850 1221 lervet
871 1156 1030 1238 plebecula
1051 1156 1118 1241 bde,

405 1270 473 1334 Fert
494 1272 607 1334 animus
630 1270 743 1335 calidae
765 1273 875 1339 iecisse
897 1276 1015 1340 silentia
1036 1275 1139 1340 turbae

404 1393 559 1457 Maiestate
580 1410 698 1457 manns:
720 1395 791 1477 quid
812 1395 919 1460 deinde
940 1398 1085 1479 loquere?
1109 1394 1244 1474 Quirites,

405 1512 469 1576 Hoc
490 1518 560 1593 puta
581 1528 638 1576 nnn
660 1515 767 1577 iustum
790 1521 844 1599 est,
866 1502 1044 1601 iiludmale,
1066 1517 1173 1580 rectius
1195 1514 1274 1580 illud.

406 1631 471 1696 Scis
494 1632 600 1695 etenim
621 1634 728 1696 iustum
750 1634 868 1715 gemina
890 1634 1074 1716 suspendere
1096 1635 1181 1699 lance

404 1751 547 1832 Ancipitis
569 1750 672 1837 librae,
693 1758 804 1816 rectum
827 1751 979 1836 discernis,
1000 1751 1051 1817 ubi
1072 1754 1147 1816 inter

406 1869 504 1935 Curva
524 1870 610 1956 subit,
631 1871 679 1935 vel
702 1891 790 1953 qunm
813 1874 888 1938 lallit
908 1873 985 1956 pede
1006 1874 1112 1957 regula
1133 1890 1215 1959 varo,
1295 1860 1297 1865 ’

404 1991 441 2056 Et
462 1993 539 2073 potis
561 2008 595 2056 cs
614 1994 732 2074 nigrum
753 1993 823 2057 vitic
845 1992 1010 2075 praefigere
1033 1993 1120 2058 theta

405 2108 481 2186 Quin
502 2119 534 2176 tu
554 2114 642 2194 igitur
664 2129 778 2177 summa
800 2113 1000 2197 nequidquam
1024 2113 1102 2195 pelle
1125 2111 1250 2177 decorus

402 2233 481 2299 Ante
503 2232 579 2297 diem
601 2232 709 2297 blando
733 2233 859 2298 caudam
881 2238 991 2299 iactare
1014 2233 1134 2317 popello

402 2352 530 2437 Desinis,
553 2353 712 2433 Anticyras
734 2352 839 2416 melior
861 2352 983 2417 sorbere
1005 2353 1150 2417 meracas!

404 2469 488 2548 Quae
509 2471 561 2537 tibi
581 2489 694 2538 summa
715 2470 785 2535 bnni
808 2472 872 2536 est?
894 2470 990 2536 Uncta
1012 2472 1123 2537 vixisse
1144 2466 1254 2552 patella

404 2595 529 2676 Semper
551 2601 580 2660 et
601 2592 726 2660 adsiduo
748 2602 849 2660 curata
871 2595 997 2660 cuticula
1019 2594 1091 2660 sole.

403 2714 544 2800 Expecta,
566 2717 636 2781 hant
657 2715 737 2782 aliud
758 2716 936 2800 respondeat
958 2716 1138 2781 daecanus.
1180 2712 1199 2777 J
1220 2727 1316 2777 nunc:

400 2833 600 2900 Dinomaches
621 2852 679 2918 cgn
702 2855 775 2921 snm,
797 2838 892 2921 suilla,
914 2853 980 2901 sum
1002 2833 1164 2900 candidus!
1197 2831 1276 2916 Este,

401 2953 479 3018 Durn
500 2971 537 3017 ne
560 2953 688 3018 deterius
710 2956 807 3036 sapiat
828 2955 975 3035 pannucia
1004 2952 1120 3034 Baucis,

403 3070 497 3148 Quom
518 3073 594 3137 bene
617 3074 757 3139 discincto
780 3075 941 3139 cantaverit
963 3074 1057 3136 ocima
1086 3086 1205 3138 uernae.

401 3193 442 3258 Ut
462 3210 548 3259 nemo
570 3198 600 3258 in
622 3210 690 3260 sese
713 3199 804 3258 tentat
826 3191 1017 3276 descendere,
1039 3208 1143 3256 nemo:

402 3312 456 3378 Set
476 3312 666 3396 praecedenti
688 3319 841 3395 spectatur
862 3313 991 3376 mantica
1013 3317 1105 3392 tergo.

402 3431 592 3509 Quaesieris:
615 3432 857 3498 Nostin-Ventidi
878 3434 1034 3515 praedia?
1069 3429 1188 3495 Cuius?

400 3553 492 3620 Dives
513 3559 578 3620 arat
600 3552 735 3640 Curibus,
758 3559 898 3637 quantum
919 3568 978 3616 nnn
1000 3550 1106 3616 milvos
1128 3547 1255 3613 oberrat

1470 3775 1471 3809 t

372 3845 402 3900 V.
420 3846 450 3902 L.
475 3850 499 3903 1.
515 3849 573 3920 ¹Itcc.
612 3850 638 3904 2.
656 3864 728 3922 quem
746 3850 812 3905 toldt.
833 3848 906 3904 dura.
943 3847 968 3901 3.
987 3847 1034 3917 dic,
1053 3860 1078 3901 o.
1105 3842 1227 3914 Rigaltius
1243 3838 1333 3908 pericli
1358 3837 1375 3890 i.
1393 3853 1417 3892 a.
1436 3849 1470 3904 pe·

301 3935 381 3988 ricarli.
417 3936 441 3989 9.
468 3941 536 4005 palo.
564 3943 602 3992 est
628 3942 754 3992 omittitur.
781 3942 874 3993 rectius
905 3937 977 3992 istud.
1018 3937 1056 3990 10.
1085 3935 1135 3988 ectr
1166 3932 1246 3985 etiam.
1288 3928 1327 3983 11.
1357 3909 1470 3980 deam]

303 4022 345 4080 12.
364 4022 475 4091 (inpetus
493 4040 578 4080 crrrru
596 4027 663 4079 Post.
682 4044 706 4080 v.
729 4028 760 4083 13
779 4028 878 4079 additur
897 4026 937 4078 hic
955 4043 970 4077 e
989 4024 1091 4077 scholiis
1109 4024 1269 4087 desumptus:

398 4112 419 4167 0
437 4115 538 4168 muldam
556 4119 616 4170 unte
633 4117 698 4170 abac
715 4113 807 4183 inseiis
825 4117 907 4169 littera
925 4114 997 4167 tbela.
1035 4113 1074 4165 Ci.
1098 4113 1166 4181 virg.
1184 4109 1249 4162 Aen.
1271 4105 1308 4171 iil,
1328 4105 1388 4162 321.

302 4200 343 4256 11.
361 4201 457 4256 Deersc
476 4213 534 4271 poet
550 4203 617 4256 bunc
635 4220 735 4255 versum
754 4203 873 4255 nonnulla
887 4201 998 4270 Guyetns
1017 4202 1103 4254 voluit.
1147 4199 1185 4254 19.
1204 4193 1328 4248 Maecilius
1347 4208 1379 4247 err
1390 4207 1445 4262 spec

300 4289 401 4344 lleirter
418 4294 502 4347 mnus?
519 4295 623 4364 dnum,
636 4295 664 4346 im
679 4294 750 4362 brac,
763 4295 846 4364 inquil,
861 4295 950 4363 inquis.
963 4293 1041 4363 volgo
1060 4289 1166 4344 inune!
1185 4283 1376 4337 Fueliebornius
1387 4285 1396 4334 r·
1406 4297 1439 4336 nu

299 4377 333 4434 b.
370 4381 415 4436 20.
436 4382 514 4452 volgo
532 4380 629 4451 SufflM
659 4382 704 4438 21.
723 4395 783 4437 non.
802 4395 944 4450 pannucea,
960 4382 1083 4450 puemitia,
1095 4376 1231 4447 penninis,
1246 4372 1344 4426 similia.
1376 4370 1418 4424 22.

299 4471 395 4526 81111010.
415 4469 526 4539 Gupetnn
544 4474 610 4526 male
624 4473 779 4540 praecindo.
802 4470 901 4537 Scnppa
928 4471 986 4522 clia.
1023 4467 1066 4522 25.
1085 4464 1227 4538 prwrlert'b
1251 4460 1362 4528 lecticis,
1390 4459 1445 4514 Velt'

305 4557 409 4616 Vmbri.
445 4559 489 4616 26.
507 4563 597 4617 namur
615 4562 714 4633 volgari
731 4559 899 4630 crthrnpbiu.
920 4559 1029 4614 oberrat.
