3300 4975
817 385 949 444 sotir-⁸
960 385 1004 442 v.

396 576 521 643 ladius
541 576 591 642 lio
608 585 676 640 mos
697 574 743 639 est
765 577 881 638 eentum
903 568 960 639 sibi
980 577 1106 654 poseem
1127 580 1226 653 voces,

396 695 521 761 Centum
541 711 595 759 ora
617 700 646 758 et
665 692 784 775 linguas
804 697 909 773 optare
931 692 960 754 in
984 690 1116 754 earmina
1137 692 1260 772 centum,

396 813 512 879 Fabula
534 830 588 878 seu
608 816 722 877 maesto
744 815 870 892 ponatur
891 806 999 872 hianda
1020 802 1171 891 tragoedo,

397 934 525 999 Volnera
546 949 601 997 seu
624 931 721 996 Parthi
745 928 877 993 ducentis
900 926 938 991 ab
958 902 1079 1009 inguine
1101 928 1217 992 terrum.

398 1051 545 1129 Quorsum
565 1051 661 1116 haec?
683 1048 743 1113 Aut
765 1051 890 1129 quantas
912 1043 1029 1109 robusti
1051 1045 1187 1111 carminis
1209 1045 1285 1111 offas
1463 1052 1481 1111 t*

396 1171 518 1254 ingeris,
539 1174 572 1233 ut
592 1185 648 1250 par
669 1169 708 1233 sit
729 1172 854 1230 centeno
876 1169 993 1246 gutture
1015 1165 1094 1229 niti‘l

398 1287 514 1356 Grande
535 1287 659 1351 locuturi
678 1283 804 1349 nebulas
825 1281 969 1347 Helieone
989 1282 1118 1366 legunto,

397 1407 431 1472 Si
452 1404 559 1488 quibus
580 1407 631 1468 aut
653 1400 784 1467 Procnes
806 1407 856 1465 aut
878 1403 904 1465 si
926 1399 1031 1483 quidus
1053 1401 1113 1465 olla
1133 1400 1282 1482 Thyestae

396 1521 534 1589 Ferrebit
555 1537 647 1603 saepe
667 1521 780 1585 insulso
804 1516 939 1583 cenanda
961 1516 1092 1600 Glyconi.

397 1643 559 1724 Tuncque
581 1640 737 1724 anhelanti,
760 1641 894 1722 coquitur
915 1637 984 1703 dum
1005 1657 1105 1704 massa
1128 1642 1251 1726 camino,
1443 1646 1473 1711 ld

396 1761 479 1826 Folle
500 1761 610 1844 premis
630 1766 743 1844 ventos,
764 1777 820 1825 nee
842 1760 943 1825 clauso
966 1777 1113 1826 murmure
1135 1776 1242 1827 raucus
1480 1752 1481 1773 ³

396 1880 506 1947 Nescio
529 1878 599 1962 quid
619 1886 716 1944 tecum
738 1896 829 1961 grave
852 1879 1012 1943 cornicaris
1033 1880 1140 1961 inepte,

307 2008 314 2019 ·
395 1999 460 2064 Nec
480 1999 599 2080 stloppo
621 1996 748 2063 tumidos
769 1997 895 2062 intendis
917 2012 1054 2078 rumpere
1074 1995 1195 2061 buccas.

396 2118 495 2183 Verba
517 2124 606 2201 togae
627 2118 764 2199 sequeris
787 2117 920 2181 iunctura
942 2113 1066 2180 callidus
1088 2117 1160 2199 aori,

397 2237 457 2304 Ore
478 2243 558 2303 teres
579 2236 704 2323 modico,
726 2238 871 2321 pallentes
894 2236 1001 2303 radere
1022 2253 1121 2301 mores

396 2357 509 2422 Doctus
531 2362 560 2421 et
580 2359 708 2438 ingenuo
731 2356 847 2437 culpem
870 2354 999 2436 deligere
1021 2353 1098 2418 ludo.

396 2474 472 2540 Hine
492 2471 585 2557 trahe,
608 2490 685 2555 quae
708 2471 798 2556 dieas,
819 2487 998 2554 mensasque
1021 2470 1153 2554 relinque
1176 2469 1312 2552 Mycenis

397 2592 471 2657 Cum
493 2594 589 2674 capite
612 2590 787 2673 etpedibus
808 2589 986 2672 plebeioque
1007 2588 1132 2672 prandia
1153 2592 1242 2656 noris.

395 2715 463 2780 Non
483 2713 620 2797 equidem
641 2713 699 2778 lroc
718 2712 831 2797 studeo,
853 2713 972 2794 pullatis
995 2719 1027 2776 ut
1047 2711 1118 2775 mihi
1139 2712 1225 2792 nugis

395 2834 508 2917 Pagina
529 2837 680 2914 turgescat
703 2831 774 2895 dare
796 2831 912 2914 pondus
933 2830 1040 2895 idonea
1061 2832 1150 2896 lurno.

396 2951 512 3014 secreti
532 2949 690 3032 loquimm:
713 2947 764 3012 tibi
784 2965 862 3012 nunc
883 2948 1017 3013 hortante
1040 2946 1167 3012 Camena

395 3066 578 3134 Excutienda
600 3067 703 3132 damus
725 3070 908 3154 praecordia,
932 3076 1099 3153 quantaque
1122 3074 1240 3134 nostrae

394 3187 469 3252 Pars
491 3194 541 3252 tue
561 3189 607 3270 sit,
631 3185 767 3271 Cornuto,
789 3190 912 3272 annuae,
935 3187 994 3272 tibi,
1018 3187 1112 3254 duleis
1134 3190 1235 3273 amice,

396 3304 568 3372 ostendisse
589 3306 681 3371 iuvat:
703 3307 791 3387 pulsa
813 3307 988 3389 dignoscere
1012 3316 1123 3393 cautus,

395 3423 473 3501 Quid
494 3423 620 3490 solidum
641 3431 750 3508 crepet,
772 3429 800 3487 et
820 3425 917 3504 pictae
940 3428 1061 3489 tectoria
1083 3427 1209 3508 linguae.
1437 3435 1469 3497 25

393 3542 447 3608 llis
470 3560 527 3628 ego
550 3549 690 3608 centenas
712 3541 806 3606 ausim
829 3538 991 3623 deposcere
1014 3556 1112 3627 voces,

392 3662 440 3747 Ut,
462 3669 602 3746 quantum
624 3663 693 3728 milri
715 3669 743 3726 te
765 3662 885 3725 sinuoso
907 3662 938 3724 in
959 3665 1077 3742 pectore
1100 3661 1157 3747 dui,

393 3782 474 3846 Voce
495 3783 610 3846 tralram
631 3799 707 3866 pura
727 3785 878 3862 totumque
901 3782 958 3845 heo
979 3781 1071 3845 verba
1091 3785 1250 3869 resignent,

365 3991 394 4043 V.
413 3992 440 4043 L.
459 3991 484 4043 2.
497 3994 618 4045 carmine.
636 3995 737 4047 tontum.
775 3992 799 4045 6.
812 3994 1014 4063 Didaroteqorls,
1029 4011 1155 4048 nonnemo
1166 3997 1271 4064 equoris.
1304 3997 1329 4050 8.
1350 4000 1468 4070 Proynos.

291 4080 317 4132 9.
331 4080 455 4148 cmtcode,
476 4080 601 4133 certando.
641 4080 681 4132 10.
700 4081 845 4134 Hauthalius
867 4096 954 4151 oeque,
983 4083 1108 4137 andelandi
1128 4100 1148 4136 c.
1189 4084 1350 4156 teramus,
1378 4085 1479 4142 raucio

292 4167 334 4221 13.
347 4169 433 4238 etiope,
446 4169 553 4237 seloppo,
568 4169 659 4238 seleno,
675 4170 746 4221 simil.
782 4170 820 4224 11.
840 4170 947 4240 Pinzger
965 4187 1077 4242 sequere.
1119 4175 1158 4228 15.
1178 4176 1245 4241 terto,
1265 4178 1356 4229 terens.
1372 4153 1479 4246 redere}

293 4256 334 4313 16.
353 4259 462 4324 docenio.
510 4259 551 4310 17.
576 4258 652 4326 dices,
680 4258 750 4311 dicis.
778 4274 940 4330 sucosumque
963 4259 1063 4312 Reizius
1082 4277 1137 4313 onan
1160 4262 1287 4314 veteribus
1312 4253 1479 4318 editionibus*

291 4345 334 4399 19.
356 4347 423 4400 doec.
437 4347 540 4401 bullatis.
553 4347 667 4416 Scaliger
678 4347 782 4400 testatas
802 4362 891 4416 oreque
922 4349 965 4402 21.
979 4353 1082 4403 secrete.
1123 4349 1166 4402 23.
1177 4365 1240 4419 paro
1253 4351 1300 4404 rtet.
1336 4353 1382 4406 25.
1396 4355 1469 4410 Grae-

288 4437 346 4488 rins
379 4432 460 4502 fictae.
491 4436 626 4505 planterio,
651 4438 766 4504 pictoria.
797 4436 953 4490 Burmannus
981 4440 1114 4508 tinctorio,
1145 4438 1288 4492 Hanthalius
1321 4443 1468 4510 plancturae.

287 4521 333 4578 26.
355 4523 401 4592 tie,
423 4524 488 4591 tine,
510 4525 565 4577 luo.
582 4524 680 4594 formes.
717 4525 760 4577 27.
779 4528 804 4579 et
821 4531 947 4597 quantum,
966 4531 1085 4600 mactem
1104 4541 1150 4596 eye
1168 4531 1198 4598 te,
1219 4533 1386 4603 ouantem
1404 4535 1466 4590 mili.

286 4619 313 4668 lc
331 4613 365 4666 itt.
385 4613 505 4665 ourittltur
522 4614 557 4668 t'tt·
593 4612 636 4667 28.
653 4616 721 4682 pulc.
739 4613 809 4668 doec.
