3300 4975
193 530 258 597 rori
274 526 320 617 76)
360 527 511 595 Thraseae
540 528 573 593 iu
602 526 719 593 Arriam
735 525 781 614 Π)
812 531 937 593 matrem
969 530 1087 615 versus,
1133 548 1210 615 quac
1246 550 1280 599 sa
1314 538 1382 601 ante

195 635 293 699 virum
317 629 475 696 occiderat.
519 626 639 715 [Omnia
671 648 709 695 ea
725 629 770 717 18)
802 639 905 696 auctor
932 632 986 696 tuit
1009 630 1154 699 Cornutus
1185 636 1272 699 matri
1309 639 1382 709 eius,

194 742 228 800 ut
261 734 395 799 aboleret
411 732 466 817 79).
529 732 646 797 Editum
690 732 796 797 librum
843 734 980 797 contiuuo
1032 736 1131 798 mirari
1172 736 1304 801 homines
1355 742 1384 802 ct

196 838 327 919 diripere
340 833 387 921 80)
418 842 586 917 coeperunt
638 837 776 901 Decessit
803 844 902 901 autem
937 837 1007 901 vitio
1039 838 1183 901 stomachi
1215 855 1291 903 anuo
1326 856 1382 904 ae-

186 942 264 1005 tatis
286 938 370 1003 XXX
383 934 454 1023 ⁸¹).]
499 938 552 1002 Set
573 955 650 1022 mon,
671 945 703 1002 ut
725 955 744 1001 a
766 939 870 1003 schola
890 940 1099 1021 magistrisque
1116 936 1162 1024 82)
1197 938 1312 1005 divertit
1325 939 1382 1027 ⁸³),

197 1042 275 1104 lecto
297 1038 372 1103 libro
394 1037 498 1103 Lucilii
531 1038 644 1104 decimo
658 1036 705 1123 or)
739 1042 929 1105 veliementer
950 1042 1057 1105 satiras
1083 1058 1261 1122 componere
1293 1045 1381 1109 iusti-

195 1146 251 1208 tuit
260 1142 317 1227 ⁸⁵),
357 1143 440 1205 culus
460 1140 529 1205 lilrri
549 1144 723 1223 principium
738 1140 785 1227 76)
818 1146 947 1207 imitatus
970 1148 1015 1205 est
1047 1140 1105 1205 sibi
1126 1145 1220 1224 primo
1235 1141 1291 1228 ⁸³),
1312 1162 1382 1210 mox

196 1244 333 1311 omnilrus
367 1243 550 1308 detracturus
565 1241 612 1328 8ι)
645 1262 711 1309 cam
744 1251 825 1309 tanta
861 1246 1023 1309 recentium
1055 1251 1208 1325 poetarum
1248 1252 1277 1310 et
1309 1263 1382 1311 ora-

196 1354 292 1413 torum
333 1349 546 1433 insectatione,
597 1354 629 1412 ut
657 1351 743 1413 etiam
769 1350 917 1413 Neronem
947 1346 1123 1435 [principem
1177 1350 1255 1414 illius
1303 1356 1382 1415 tem-

197 1452 279 1533 poris
293 1444 356 1533 89)]
391 1448 552 1530 culpaverit
565 1446 621 1534 90).
672 1448 763 1515 Cuius
796 1468 901 1516 versus
935 1452 965 1514 in
986 1451 1135 1516 Neronem
1168 1470 1256 1534 quom
1285 1454 1326 1517 iia
1346 1470 1381 1519 sc

196 1552 309 1617 habere
325 1550 385 1637 ⁰¹):

193 1811 321 1864 lebratam
348 1825 404 1860 esse
421 1810 559 1875 suspicatur
586 1809 633 1874 (de
661 1808 710 1860 iub.
729 1816 781 1877 tog.
808 1825 833 1874 p.
860 1806 920 1868 92).
957 1807 1052 1862 Decius
1078 1824 1093 1860 c
1122 1809 1266 1861 coniectura
1295 1810 1384 1877 scripsi

194 1902 242 1966 (cr.
263 1899 455 1950 Zimmermanni
474 1898 553 1949 diaria
573 1895 642 1948 1839
661 1913 686 1962 p.
705 1894 772 1959 109)
792 1901 914 1963 corruptis
939 1896 1025 1947 tarmis
1043 1895 1164 1965 inductus,
1183 1900 1292 1967 vestitus,
1325 1912 1385 1952 ves·

195 1992 234 2042 eto
252 1991 330 2039 nisus.
375 1983 416 2051 ⁷⁵)
435 1987 583 2054 redopertae
610 1986 638 2037 B.
666 1986 708 2039 ed.
737 2001 775 2051 pr.
797 1983 935 2048 ὅπωρικῶν
964 1984 1019 2036 cod.
1049 1985 1115 2049 Vin,
1147 1985 1273 2051 oporicen
1302 1987 1329 2037 Ι..
1357 1984 1385 2039 3.

196 2078 322 2145 oporicen
337 2075 368 2126 u.
389 2074 414 2126 2.
443 2074 471 2126 Ρ.
492 2074 515 2127 i.
535 2075 559 2126 2.
579 2076 618 2126 W.
637 2075 739 2141 epatica
769 2071 800 2121 Il.
823 2070 845 2122 1.
870 2067 1047 2135 ὃδοιηορικῶν
1076 2072 1161 2142 volgo.
1198 2072 1266 2140 Aput
1289 2074 1381 2126 Hiero-

197 2184 302 2234 nymum
320 2165 351 2217 de
367 2168 412 2217 vir.
434 2164 476 2216 iul.
495 2164 547 2216 802
566 2160 769 2230 ,ξΟιῖοιπορικᾶν
788 2161 820 2212 de
839 2160 922 2211 Africa
942 2176 1020 2229 usque
1041 2160 1210 2212 Nicomediam
1230 2160 1380 2214 hexametris

201 2264 320 2321 scriptum
337 2254 470 2305 versibus“
488 2254 552 2304 inter
571 2252 690 2303 Lactantii
709 2251 800 2316 scripta
818 2258 968 2300 numeratur.
1002 2247 1038 2299 CI.
1059 2266 1124 2317 quac
1143 2249 1174 2301 ad
1189 2250 1282 2301 lloratii
1294 2252 1382 2303 satiras
1483 2300 1484 2325 Χ

197 2345 282 2395 monui
300 2360 324 2410 p.
348 2342 392 2396 rai
416 2360 453 2410 sq.
487 2337 676 2403 Ὀδυιπορικόν
693 2346 762 2389 recte
781 2337 869 2389 Daniel
889 2336 1009 2401 eremita,
1027 2336 1191 2403 Burmannus,
1217 2338 1383 2391 {lelnriohius

197 2428 238 2497 ⁷⁶)
259 2432 295 2483 sic
313 2432 355 2484 ed.
385 2447 422 2498 pr.
444 2442 564 2481 sororum
591 2426 622 2479 Μ,
644 2425 667 2475 1.
686 2426 711 2477 2.
739 2426 768 2480 Ρ.
790 2426 813 2478 1.
832 2426 857 2477 2.
876 2427 955 2478 arari
984 2426 1039 2477 Vin.
1058 2426 1114 2479 cod.
1145 2429 1172 2479 in
1189 2441 1290 2479 socrum
1308 2427 1335 2479 L.
1354 2425 1380 2482 3.

198 2523 225 2574 in
242 2536 360 2575 amorem
377 2520 409 2572 a.
428 2528 453 2571 et
465 2519 576 2570 Vinctus.
613 2513 652 2577 ⁷⁷)
670 2516 776 2570 Arriam
795 2516 834 2568 ed.
853 2533 889 2582 pr.
904 2516 935 2566 cl.
949 2523 1001 2567 not.
1017 2515 1059 2568 54.
1072 2519 1179 2570 matram
1189 2515 1293 2570 Arriam
1311 2516 1339 2567 L.
1356 2513 1383 2572 3.

196 2610 290 2664 Arriae
307 2611 417 2663 mairem
434 2609 526 2660 omisso
544 2608 571 2658 in
590 2605 760 2658 Caesulenus.
795 2605 890 2658 latinus
917 2607 943 2657 in
961 2605 1064 2658 Mam
1081 2610 1187 2659 matrem
1210 2608 1280 2657 uncis
1300 2604 1383 2658 iuclu-

201 2699 238 2747 sit,
274 2697 381 2751 Matrem
400 2698 506 2748 fortasse
526 2695 683 2746 eiiciendum.
722 2690 762 2758 77)
782 2695 869 2745 amnia
886 2696 968 2745 autent
987 2693 1063 2761 volgo
1084 2710 1140 2746 cum
1159 2694 1190 2744 ll.
1215 2693 1239 2746 2.
1265 2694 1293 2746 Ρ.
1315 2698 1337 2748 1.
1356 2693 1382 2746 2.

201 2786 288 2836 omnia
305 2788 385 2837 autem
411 2799 441 2838 eo
460 2784 590 2834 Bulrerius.
628 2780 667 2847 77)
687 2782 813 2835 Cornutus
831 2784 920 2834 auctor
936 2779 986 2850 soit
1014 2781 1040 2832 P.
1064 2781 1086 2832 l.
1106 2781 1130 2832 2.
1150 2782 1198 2833 alii.
1230 2786 1257 2834 at
1273 2783 1384 2836 adoleret

199 2873 336 2940 Cornutus,
354 2877 432 2925 amtor
458 2876 512 2926 aas
530 2875 619 2924 auctor
635 2869 683 2939 fiat
711 2871 739 2924 Β.
761 2871 807 2922 Βο.
836 2871 876 2924 ed.
896 2887 933 2938 pr.
965 2872 1051 2923 omnia
1074 2873 1157 2925 aulem
1174 2874 1255 2924 mater
1284 2873 1338 2924 aius
1356 2873 1383 2924 nt

197 2961 313 3014 adoleret
329 2959 451 3014 Cornutum
470 2962 590 3028 nmpister
609 2961 662 3012 eiua
680 2964 770 3012 auctor
783 2957 833 3027 fail
850 2961 904 3011 Vin.
925 2960 1071 3013 allorraret
1089 2960 1119 3010 N.
1142 2962 1163 3013 1.
1192 2959 1221 3012 P.
1247 2960 1268 3012 l.
1286 2959 1311 3012 2.
1340 2959 1380 3012 W.

199 3048 332 3100 adtueraret
350 3047 381 3100 nt.
402 3047 427 3098 2.
463 3044 504 3111 ⁸⁰)
523 3048 640 3114 deripere
658 3047 742 3115 volgo.
762 3048 879 3114 deperire
890 3048 987 3100 Pithoei
1007 3047 1116 3100 codices.
1154 3047 1191 3100 CI.
1211 3048 1305 3100 Jahnus
1318 3049 1383 3102 Pro-

200 3136 264 3204 legg.
283 3153 307 3202 p.
326 3136 446 3186 XLVIIII.
464 3137 555 3188 mirari
567 3150 623 3187 cam
638 3135 753 3201 deripere
767 3135 806 3186 ed.
822 3151 858 3200 pr.
873 3135 954 3185 Verba
973 3136 1221 3204 editam-coeperant
1238 3137 1306 3188 multi
1327 3153 1383 3189 cum

197 3226 355 3294 Breitingcrc
384 3241 459 3292 supra
477 3233 534 3292 post
559 3224 662 3276 tradidit
679 3222 801 3276 edendam
832 3224 1017 3289 transponenda
1045 3232 1168 3290 putarunt.
1217 3221 1258 3290 ⁸¹)
1283 3226 1384 3276 XXVIII

196 3314 297 3365 Ileizius
332 3331 389 3364 cum
421 3313 538 3366 BulrerIc.
578 3309 619 3375 77)
647 3312 683 3361 sic
713 3309 806 3361 Jahuus
837 3327 893 3362 cum
921 3311 951 3363 ltl.
989 3313 1011 3366 i.
1041 3311 1070 3366 B.
1103 3320 1128 3364 et
1163 3314 1220 3377 W„
1250 3321 1277 3365 ut
1308 3311 1383 3364 vide-

197 3410 243 3457 tur.
263 3405 288 3456 et
304 3403 434 3470 manicata
451 3402 538 3470 volgo.
558 3399 649 3453 actalia
667 3399 698 3449 m.
727 3397 753 3450 2.
793 3396 834 3466 77)
861 3404 897 3451 sio
925 3401 952 3452 L.
982 3397 999 3452 3
1028 3408 1053 3452 et
1080 3400 1174 3451 luhuus
1203 3416 1257 3452 cum
1285 3401 1382 3468 iisdem,

199 3500 225 3542 ut
241 3492 351 3556 videtur,
371 3491 446 3544 codd,
468 3491 599 3544 divertitur
618 3490 657 3541 ed.
671 3505 707 3555 pr.
727 3489 870 3543 deverterat
880 3491 967 3560 volgo.
989 3492 1017 3542 ot
1034 3490 1124 3540 omittit
1136 3486 1175 3538 ed.
1194 3504 1232 3553 pr.
1260 3484 1300 3554 ⁸⁴)
1315 3489 1383 3544 Fort.

197 3581 278 3646 punto
295 3578 442 3648 legendum.
494 3577 532 3631 Cl.
551 3576 646 3628 scholia
676 3576 707 3627 ad
731 3586 777 3629 sat.
796 3580 816 3641 1,
843 3577 877 3631 2:
906 3577 979 3630 Hunc
997 3590 1101 3630 narsum
1126 3574 1158 3626 de
1185 3575 1274 3629 Lucilii
1298 3579 1383 3644 prima

200 3668 333 3735 transtulit,
362 3666 406 3718 ubi
426 3668 526 3718 miulme
546 3682 601 3717 cum
618 3665 708 3718 JahnIo
727 3665 848 3734 Prolegg.
879 3683 902 3732 p.
922 3666 984 3716 LVII
1010 3665 1099 3715 decimi
1120 3665 1215 3716 Initium
1239 3667 1383 3736 intelligam.

202 3749 239 3816 ⁸⁵)
256 3755 330 3806 sicL
363 3752 381 3805 3
411 3754 443 3807 u.
469 3755 491 3807 i.
514 3755 553 3806 W.
576 3753 668 3806 studuit
683 3754 760 3822 volgo
787 3752 888 3821 legitur.
923 3751 960 3804 cf.
989 3751 1050 3804 Suet
1093 3752 1125 3804 de
1143 3753 1187 3805 inl.
1209 3770 1312 3823 gramm.
1333 3753 1379 3810 21.

200 3837 238 3907 ⁸⁶)
256 3845 355 3896 ἱιιὲιὲιιπι
373 3841 468 3893 Jahnus
486 3843 572 3894 pesclo
592 3844 666 3897 uude.
706 3840 747 3908 77)
769 3846 813 3911 eat,
842 3843 887 3896 cidi
917 3851 942 3894 et
959 3856 1023 3895 mon
1041 3844 1131 3895 omittit
1158 3843 1199 3895 ed.
1222 3859 1259 3910 pr.
1289 3842 1384 3894 Jahnus

198 3932 317 4002 Prolegg.
339 3949 357 3999 p
390 3930 444 3982 LVI
458 3933 543 3998 primo
561 3932 626 3983 male
646 3932 762 4000 intelligit
780 3932 812 3982 de
832 3932 947 4001 prologo.
988 3927 1027 3994 77)
1047 3933 1084 3984 sic
1101 3933 1194 3985 Jshuus
1226 3948 1281 3983 cum
1301 3932 1328 3986 L.
1355 3928 1382 3984 3.

199 4021 238 4076 W.
258 4023 435 4074 amraeturum
454 4017 493 4070 ed.
515 4036 549 4086 pr.
570 4020 696 4074 domna
714 4021 746 4074 N.
771 4023 794 4074 l.
813 4020 930 4074 detractio
948 4021 976 4074 P.
998 4023 1008 4076 t
1038 4024 1178 4076 maecenatis
1205 4022 1237 4072 u.
1261 4022 1283 4074 l.
1307 4018 1334 4074 P.
1354 4019 1379 4075 2.

199 4109 382 4165 &hermarus
399 4109 486 4178 volgo.
524 4108 562 4161 Gi,
580 4108 673 4162 Jahuus
692 4111 808 4180 Prolegg.
829 4127 854 4178 p.
872 4110 932 4163 LVI.
970 4108 1010 4176 77)
1029 4109 1149 4163 Omittuot
1167 4111 1229 4162 haec
1241 4108 1319 4162 verba
1338 4109 1383 4160 Pi-

198 4198 296 4264 thoeus,
308 4197 513 4264 Oudendorpius.
531 4211 589 4250 enm
598 4195 669 4266 sarta
684 4195 846 4266 mesaraicas
859 4202 1029 4253 etmalorum
1041 4200 1228 4252 insectationem
1239 4199 1382 4251 insecura·

199 4290 238 4339 tur
256 4287 297 4340 ed.
317 4304 357 4356 pr.
396 4283 438 4352 ⁹⁰)
457 4285 623 4355 inculpaverit
639 4285 671 4336 u.
692 4285 715 4337 1.
752 4283 793 4352 77)
813 4299 954 4340 conamus
973 4286 1012 4338 ed.
1031 4303 1068 4354 pr.
1087 4286 1208 4339 ladment
1223 4285 1255 4336 ll.
1276 4283 1300 4336 1.
1317 4283 1344 4336 P.
1361 4283 1383 4335 1.
