3300 4975
769 400 900 461 Sutia-a
913 406 970 463 n.

376 580 484 674 noio,
498 579 736 687 Maoiioo,'diem
756 606 880 659 numera
896 576 1022 671 'meliore'
1043 572 1152 685 bapino,
1221 570 1227 578 ¹
1342 662 1355 675 ,,

347 739 350 745 ·
385 687 442 785 Qui
463 710 517 775 tibi
533 709 672 775 labentes.
689 714 813 794 apponit
834 711 1099 779 mudidnsanuos.
1141 728 1188 783 τι.
1281 764 1283 767 -
1341 760 1344 780 ,

290 901 323 925 ·.,
383 827 484 895 Funde
505 846 617 895 merum
631 829 749 897 Genio:
771 848 835 895 non
851 839 892 896 ιι
900 833 993 915 prece
1015 834 1116 916 posois
1139 832 1283 914 emani,-

289 945 313 960 ‘'
346 959 348 962 ’
385 941 490 1027 Quae
487 952 546 1015 uisi
566 950 696 1015 seductis
718 953 852 1032 nequeas
873 940 1069 1051 eomurittere'
1068 951 1190 1015 (ιιιιι.

292 1048 299 1060 ⁴
384 1064 432 1134 nt
444 1068 523 1153 bona
545 1060 615 1154 pars
636 1058 801 1170 proo'erum
813 1069 903 1131 tacita
914 1064 1032 1177 libabit
1049 1062 1194 1133 noema
1287 1056 1321 1089 ¹
1445 1074 1464 1135 ’5

383 1186 462 1250 Haut
483 1188 575 1250 ouiuis
597 1182 762 1268 promptum
785 1191 830 1249 est
853 1164 1042 1269 murmurque
1064 1154 1267 1270 humilesque
1271 1158 1414 1253 susurros
1468 1200 1471 1207 ’

384 1308 501 1371 Tollere
524 1305 561 1370 de
582 1307 699 1389 templis
723 1314 750 1372 et
773 1314 876 1391 aperto
900 1310 1000 1373 nivere
1026 1316 1103 1373 voto.

384 1427 469 1491 Mens
490 1425 577 1509 bona,
599 1427 686 1511 tame,
707 1427 781 1493 tides
804 1464 844 1475 -
866 1428 942 1493 bueo
964 1428 1052 1512 olane,
1074 1434 1104 1493 et
1125 1434 1157 1493 ut
1178 1426 1277 1493 audiat
1297 1428 1426 1512 hospes:

384 1545 438 1609 Illa
459 1543 516 1609 sibi
536 1546 691 1609 introrsum
715 1551 744 1609 et
764 1544 820 1610 sub
843 1546 943 1628 lingna
965 1552 1125 1610 mmmurat
1147 1583 1187 1594 -
1210 1564 1227 1611 o
1250 1548 1275 1612 si

385 1665 512 1730 Ebulliat
533 1672 654 1747 patruus
677 1666 862 1747 praeolarnm
883 1667 986 1730 sunus!
1010 1703 1050 1713 -
1074 1672 1103 1731 et
1125 1683 1142 1730 o
1165 1666 1192 1731 si
1316 1657 1322 1671 “
1430 1668 1465 1730 ib

385 1786 447 1852 Sub
468 1792 564 1849 rastro
586 1791 688 1866 erepet
710 1786 824 1865 argenti
845 1784 916 1848 mibi
937 1785 1017 1849 seria
1039 1782 1142 1848 dextro

385 1906 526 1972 Heroulet
550 1940 590 1951 -
612 1904 792 1987 pupillumve
813 1904 933 1987 utinam,
956 1920 1042 1985 quem
1065 1904 1217 1987 pronimns
1239 1904 1330 1969 heres

385 2028 516 2110 Impello,
538 2028 722 2109 expungant
743 2042 872 2108 namque
895 2032 941 2090 est
961 2025 1118 2090 scabiosus
1141 2032 1171 2091 et
1192 2027 1255 2091 aori

386 2148 451 2212 Bile
472 2152 576 2212 tumet:
600 2145 689 2209 Nerio
711 2146 770 2208 iam
792 2146 878 2208 tertia
900 2142 1013 2207 duoitur
1034 2159 1118 2208 uxor.

387 2268 471 2332 Haeo
492 2271 594 2329 sanate
615 2270 648 2327 ut
667 2278 785 2345 posoas,
807 2260 944 2325 Tiberino
967 2262 997 2324 in
1018 2264 1134 2343 gurgite
1156 2263 1267 2345 mergis
1429 2262 1464 2324 15

299 2383 301 2386 ’
388 2388 475 2453 blane
498 2391 587 2467 oapnt
607 2383 654 2448 bis
676 2390 779 2463 terque
800 2387 834 2444 et
852 2385 967 2443 nocem
989 2380 1106 2443 tumme
1127 2396 1248 2461 purges.

388 2507 469 2572 Heus
492 2520 557 2587 age,
578 2499 746 2585 responde:
768 2499 916 2562 minimum
939 2503 993 2582 est,
1016 2496 1096 2579 quod
1117 2499 1196 2562 seire
1217 2495 1333 2563 laboro.

387 2627 434 2692 De
455 2625 529 2690 Jove
552 2622 622 2708 qnid
644 2620 756 2687 sentis?
777 2617 876 2703 Estne,
899 2623 931 2682 ut
952 2633 1137 2700 praeponere
1159 2632 1246 2682 eures

388 2746 473 2812 Hune
495 2743 560 2808 -ι
583 2741 731 2808 cuinam?
754 2737 891 2804 Cniuamt
913 2739 966 2802 Vis
989 2737 1093 2803 Staio?
1116 2736 1164 2802 An
1185 2736 1300 2802 soilioet
1320 2733 1439 2822 haeres,

391 2864 463 2943 Quis
484 2866 582 2947 potior
602 2861 691 2927 index
712 2862 851 2943 puerisve
875 2859 941 2941 quis
963 2859 1059 2941 aptior
1081 2856 1186 2922 orbis?
1437 2851 1468 2918 20

389 2985 454 3050 Hoo
474 2985 571 3065 igitur,
592 2997 651 3064 qno
673 2988 705 3044 tu
725 2978 809 3044 lovis
831 2993 932 3041 aurem
953 2977 1107 3058 impellere
1130 2981 1234 3057 tentas,

389 3105 453 3186 Dio,
475 3099 612 3184 agedum,
634 3098 728 3164 Staio:
751 3114 806 3180 pro
829 3097 972 3180 luppiter,
995 3113 1012 3161 o
1035 3095 1128 3161 bouet
1152 3097 1265 3176 elamet,

390 3223 538 3306 luppiter!
561 3222 601 3284 nt
622 3236 691 3284 sese
713 3234 772 3282 non
794 3217 901 3283 clamet
920 3217 1056 3300 luppiter
1076 3216 1162 3298 ipse?

390 3345 543 3429 lgnorisse
566 3348 660 3425 putas,
683 3341 761 3424 quia,
785 3355 873 3422 quom
895 3345 985 3421 tonat,
1007 3340 1090 3401 onius
1110 3337 1171 3398 ilex

383 3467 538 3548 superne
561 3463 723 3528 oonoutitnr
744 3475 843 3542 sacro,
866 3473 954 3538 qnam
978 3463 1067 3536 tuque
1091 3453 1279 3534 domusque?
1439 3451 1470 3516 at

287 3663 290 3671 ,
391 3586 438 3650 Aa
461 3586 611 3668 quianon
633 3578 715 3644 fibris
738 3580 835 3641 ovium
857 3574 1055 3656 Ergennaque
1077 3568 1196 3635 iubente

391 3709 487 3774 Triste
510 3707 591 3769 iaoes
612 3702 688 3766 lueis
712 3695 940 3776 evitandumque
960 3689 1100 3775 bidental,

391 3829 505 3896 ldoiroo
527 3821 665 3889 stolidam
687 3811 813 3898 praebet
834 3811 884 3876 tibi
906 3811 1016 3874 vellere
1038 3809 1164 3875 barbam

392 3943 548 4031 luppiter?
569 3941 630 4004 Aut
651 3932 789 4018 quidnam
813 3936 868 4014 est,
891 3947 950 4014 qna
972 3937 1004 3996 tn
1023 3930 1162 3997 mereata
1186 3930 1309 3998 deorum

294 4069 687 4102 .....-----—--

362 4157 392 4207 11.
411 4154 440 4206 L.
460 4151 481 4204 1.
500 4144 645 4199 Hanthalius
664 4148 721 4208 post
738 4156 762 4191 ιι.
786 4139 795 4194 1
817 4141 979 4208 interpungit,
1005 4141 1038 4190 ita
1056 4147 1084 4191 nt
1101 4135 1125 4190 ιἰ.
1147 4137 1163 4192 2
1183 4137 1320 4188 arctissime
1341 4151 1396 4187 cum
1421 4131 1474 4190 ml

293 4246 465 4310 coniungatur.
495 4228 830 4299 pronumtiatum.
861 4226 885 4280 9.
905 4229 1087 4281 immurmurat.
1126 4225 1271 4292 laetum,
1294 4223 1464 4292 contruncent

293 4335 332 4387 tet.
349 4330 439 4399 patrat.
482 4323 521 4379 13.
542 4333 696 4388 eopopoom,
715 4330 866 4384 eopupnem,
885 4330 1027 4384 eopatpnor,
1051 4316 1193 4382 emptoqom.
1208 4312 1314 4364 Volsone
1328 4312 1475 4380 tmpnaqant

292 4421 415 4485 amnesi,
432 4414 598 4470 annotant.
639 4409 680 4462 it
699 4407 822 4461 condior
862 4405 902 4458 15
927 4404 967 4457 16.
984 4407 1078 4473 poscat,
1099 4403 1196 4470 noeroit,
1212 4403 1313 4469 parpat
1354 4402 1392 4456 ts.
1405 4415 1471 4456 ιιιιιιι

296 4505 424 4579 tamquarm?
442 4506 551 4558 mnam
570 4515 672 4555 omnam
690 4498 778 4551 semel.
796 4498 951 4550 Hennennus
964 4505 1096 4564 utrumque
1114 4493 1215 4546 cunum
1228 4491 1275 4556 ipsi
1289 4495 1379 4555 poetae
1389 4489 1465 4542 tribon

297 4595 406 4654 Meros?
438 4592 598 4710 stewechius
616 4592 709 4644 boenes
728 4590 784 4659 quie
800 4587 908 4656 potior?
935 4585 1074 4651 nmdeop.
1111 4580 1154 4635 22
1175 4578 1268 4710 διῖξο,
1288 4576 1375 4710 Statiliop
1366 4576 1473 4648 ‚Stopio

691 4680 754 4710 „tm
715 4681 847 4710 mom
895 4675 1008 4710 nott...
1011 4673 1100 4710 ι,,ι,,,1,1
1118 4673 1163 4710 aut
1255 4678 1346 4710 umes
