<?xml version="1.0" encoding="UTF-8"?>
<!DOCTYPE html PUBLIC "-//W3C//DTD XHTML 1.0 Transitional//EN"
    "http://www.w3.org/TR/xhtml1/DTD/xhtml1-transitional.dtd">
<html xmlns="http://www.w3.org/1999/xhtml" xml:lang="en" lang="en">
 <head>
  <title>
</title>
<meta http-equiv="Content-Type" content="text/html;charset=utf-8" />
  <meta name='ocr-system' content='tesseract 3.04.00' />
  <meta name='ocr-capabilities' content='ocr_page ocr_carea ocr_par ocr_line ocrx_word'/>
</head>
<body>
  <div class='ocr_page' id='page_1' title='image "./satirae00flacgoog_0078.png"; bbox 0 0 3300 4975; ppageno 0'>
   <div class='ocr_carea' id='block_1_1' title="bbox 767 326 976 389">
    <p class='ocr_par' dir='ltr' id='par_1_1' title="bbox 767 326 976 389">
     <span class='ocr_line' id='line_1_1' title="bbox 767 326 976 389; baseline 0.019 -6"><span class='ocrx_word' id='word_1_1' title='bbox 767 326 899 384; x_wconf 72' lang='lat' dir='ltr'><strong>Satin-0</strong></span> <span class='ocrx_word' id='word_1_2' title='bbox 910 327 976 389; x_wconf 73' lang='lat' dir='ltr'><strong>Vl.</strong></span> 
     </span>
    </p>
   </div>
   <div class='ocr_carea' id='block_1_2' title="bbox 293 512 1464 3807">
    <p class='ocr_par' dir='ltr' id='par_1_2' title="bbox 367 512 1273 3215">
     <span class='ocr_line' id='line_1_2' title="bbox 367 512 1145 599; baseline 0.003 -20"><span class='ocrx_word' id='word_1_3' title='bbox 367 512 507 580; x_wconf 77' lang='lat' dir='ltr'><strong>Admovit</strong></span> <span class='ocrx_word' id='word_1_4' title='bbox 528 516 587 579; x_wconf 89' lang='lat' dir='ltr'><strong>iarn</strong></span> <span class='ocrx_word' id='word_1_5' title='bbox 608 513 713 579; x_wconf 85' lang='lat' dir='ltr'><strong>brunna</strong></span> <span class='ocrx_word' id='word_1_6' title='bbox 735 515 803 579; x_wconf 88' lang='lat' dir='ltr'><strong>loco</strong></span> <span class='ocrx_word' id='word_1_7' title='bbox 822 522 861 598; x_wconf 88' lang='lat' dir='ltr'><strong>to,</strong></span> <span class='ocrx_word' id='word_1_8' title='bbox 881 514 985 599; x_wconf 86' lang='lat' dir='ltr'><strong>Basse,</strong></span> <span class='ocrx_word' id='word_1_9' title='bbox 1009 514 1145 581; x_wconf 83' lang='lat' dir='ltr'><strong>Sabino?</strong></span> 
     </span>
     <span class='ocr_line' id='line_1_3' title="bbox 370 632 1231 722; baseline 0.006 -25"><span class='ocrx_word' id='word_1_10' title='bbox 370 635 475 697; x_wconf 88' lang='lat' dir='ltr'><strong>Jamne</strong></span> <span class='ocrx_word' id='word_1_11' title='bbox 497 632 565 713; x_wconf 74' lang='lat' dir='ltr'><strong>lyra</strong></span> <span class='ocrx_word' id='word_1_12' title='bbox 586 640 615 699; x_wconf 88' lang='lat' dir='ltr'><strong>et</strong></span> <span class='ocrx_word' id='word_1_13' title='bbox 636 637 740 699; x_wconf 90' lang='lat' dir='ltr'><strong>tetrico</strong></span> <span class='ocrx_word' id='word_1_14' title='bbox 762 637 863 700; x_wconf 85' lang='lat' dir='ltr'><strong>vivunt</strong></span> <span class='ocrx_word' id='word_1_15' title='bbox 882 636 934 718; x_wconf 80' lang='lat' dir='ltr'><strong>tibi</strong></span> <span class='ocrx_word' id='word_1_16' title='bbox 956 639 1071 719; x_wconf 77' lang='lat' dir='ltr'>pectine</span> <span class='ocrx_word' id='word_1_17' title='bbox 1094 636 1231 722; x_wconf 78' lang='lat' dir='ltr'><strong>chordae,</strong></span> 
     </span>
     <span class='ocr_line' id='line_1_4' title="bbox 368 752 1180 838; baseline 0.007 -23"><span class='ocrx_word' id='word_1_18' title='bbox 368 752 443 815; x_wconf 87' lang='lat' dir='ltr'><strong>hlire</strong></span> <span class='ocrx_word' id='word_1_19' title='bbox 465 752 565 835; x_wconf 79' lang='lat' dir='ltr'><strong>opifex</strong></span> <span class='ocrx_word' id='word_1_20' title='bbox 586 755 717 817; x_wconf 90' lang='lat' dir='ltr'><strong>nurneris</strong></span> <span class='ocrx_word' id='word_1_21' title='bbox 737 761 870 819; x_wconf 84' lang='lat' dir='ltr'><strong>veterum</strong></span> <span class='ocrx_word' id='word_1_22' title='bbox 891 756 1051 838; x_wconf 88' lang='lat' dir='ltr'><strong>primordia</strong></span> <span class='ocrx_word' id='word_1_23' title='bbox 1073 772 1180 821; x_wconf 87' lang='lat' dir='ltr'><strong>rocurn</strong></span> 
     </span>
     <span class='ocr_line' id='line_1_5' title="bbox 368 872 1197 957; baseline 0.005 -24"><span class='ocrx_word' id='word_1_24' title='bbox 368 872 467 953; x_wconf 79' lang='lat' dir='ltr'><strong>Atque</strong></span> <span class='ocrx_word' id='word_1_25' title='bbox 489 887 601 934; x_wconf 76' lang='lat' dir='ltr'><strong>nauem</strong></span> <span class='ocrx_word' id='word_1_26' title='bbox 623 873 776 954; x_wconf 74' lang='lat' dir='ltr'><strong>strepitum</strong></span> <span class='ocrx_word' id='word_1_27' title='bbox 797 872 863 936; x_wconf 89' lang='lat' dir='ltr'><strong>iidis</strong></span> <span class='ocrx_word' id='word_1_28' title='bbox 884 872 1046 937; x_wconf 86' lang='lat' dir='ltr'><strong>intendisse</strong></span> <span class='ocrx_word' id='word_1_29' title='bbox 1066 872 1197 957; x_wconf 88' lang='lat' dir='ltr'><strong>Latinae,</strong></span> 
     </span>
     <span class='ocr_line' id='line_1_6' title="bbox 368 984 1151 1074; baseline 0.005 -21"><span class='ocrx_word' id='word_1_30' title='bbox 368 990 439 1053; x_wconf 85' lang='lat' dir='ltr'><strong>Mox</strong></span> <span class='ocrx_word' id='word_1_31' title='bbox 460 990 583 1054; x_wconf 86' lang='lat' dir='ltr'><strong>iuvenes</strong></span> <span class='ocrx_word' id='word_1_32' title='bbox 605 992 718 1071; x_wconf 85' lang='lat' dir='ltr'><strong>agitare</strong></span> <span class='ocrx_word' id='word_1_33' title='bbox 741 994 823 1055; x_wconf 92' lang='lat' dir='ltr'><strong>iocos</strong></span> <span class='ocrx_word' id='word_1_34' title='bbox 848 999 876 1056; x_wconf 87' lang='lat' dir='ltr'><strong>et</strong></span> <span class='ocrx_word' id='word_1_35' title='bbox 897 984 1004 1074; x_wconf 87' lang='lat' dir='ltr'><strong>pollice</strong></span> <span class='ocrx_word' id='word_1_36' title='bbox 1027 994 1151 1057; x_wconf 89' lang='lat' dir='ltr'><strong>honesto</strong></span> 
     </span>
     <span class='ocr_line' id='line_1_7' title="bbox 368 1106 1158 1193; baseline 0.005 -22"><span class='ocrx_word' id='word_1_37' title='bbox 368 1106 516 1191; x_wconf 86' lang='lat' dir='ltr'><strong>Egregius</strong></span> <span class='ocrx_word' id='word_1_38' title='bbox 538 1108 647 1173; x_wconf 88' lang='lat' dir='ltr'><strong>lusisse</strong></span> <span class='ocrx_word' id='word_1_39' title='bbox 669 1112 774 1172; x_wconf 87' lang='lat' dir='ltr'><strong>scnesl</strong></span> <span class='ocrx_word' id='word_1_40' title='bbox 797 1110 869 1173; x_wconf 86' lang='lat' dir='ltr'><strong>Mihi</strong></span> <span class='ocrx_word' id='word_1_41' title='bbox 892 1127 969 1175; x_wconf 89' lang='lat' dir='ltr'><strong>nuuc</strong></span> <span class='ocrx_word' id='word_1_42' title='bbox 990 1110 1081 1193; x_wconf 85' lang='lat' dir='ltr'><strong>Ligus</strong></span> <span class='ocrx_word' id='word_1_43' title='bbox 1105 1129 1158 1175; x_wconf 91' lang='lat' dir='ltr'><strong>ora</strong></span> 
     </span>
     <span class='ocr_line' id='line_1_8' title="bbox 368 1226 1233 1313; baseline 0.007 -24"><span class='ocrx_word' id='word_1_44' title='bbox 368 1226 481 1308; x_wconf 79' lang='lat' dir='ltr'><strong>intepet</strong></span> <span class='ocrx_word' id='word_1_45' title='bbox 500 1226 694 1308; x_wconf 82' lang='lat' dir='ltr'><strong>hibernatque</strong></span> <span class='ocrx_word' id='word_1_46' title='bbox 716 1244 814 1293; x_wconf 82' lang='lat' dir='ltr'><strong>nucum</strong></span> <span class='ocrx_word' id='word_1_47' title='bbox 836 1246 926 1313; x_wconf 89' lang='lat' dir='ltr'><strong>mare,</strong></span> <span class='ocrx_word' id='word_1_48' title='bbox 949 1247 1009 1311; x_wconf 84' lang='lat' dir='ltr'><strong>qua</strong></span> <span class='ocrx_word' id='word_1_49' title='bbox 1030 1230 1107 1293; x_wconf 86' lang='lat' dir='ltr'><strong>latus</strong></span> <span class='ocrx_word' id='word_1_50' title='bbox 1129 1231 1233 1311; x_wconf 86' lang='lat' dir='ltr'><strong>ingens</strong></span> 
     </span>
     <span class='ocr_line' id='line_1_9' title="bbox 369 1342 1174 1429; baseline 0.005 -21"><span class='ocrx_word' id='word_1_51' title='bbox 369 1345 448 1409; x_wconf 86' lang='lat' dir='ltr'><strong>Dant</strong></span> <span class='ocrx_word' id='word_1_52' title='bbox 469 1342 592 1426; x_wconf 82' lang='lat' dir='ltr'><strong>scopuli,</strong></span> <span class='ocrx_word' id='word_1_53' title='bbox 615 1351 645 1407; x_wconf 88' lang='lat' dir='ltr'><strong>ct</strong></span> <span class='ocrx_word' id='word_1_54' title='bbox 665 1345 757 1407; x_wconf 88' lang='lat' dir='ltr'><strong>multa</strong></span> <span class='ocrx_word' id='word_1_55' title='bbox 777 1346 857 1408; x_wconf 87' lang='lat' dir='ltr'><strong>littus</strong></span> <span class='ocrx_word' id='word_1_56' title='bbox 879 1363 912 1409; x_wconf 92' lang='lat' dir='ltr'><strong>se</strong></span> <span class='ocrx_word' id='word_1_57' title='bbox 934 1345 1012 1410; x_wconf 86' lang='lat' dir='ltr'><strong>valle</strong></span> <span class='ocrx_word' id='word_1_58' title='bbox 1034 1355 1174 1429; x_wconf 87' lang='lat' dir='ltr'><strong>receptat</strong></span> 
     </span>
     <span class='ocr_line' id='line_1_10' title="bbox 369 1462 1130 1552; baseline 0.009 -26"><span class='ocrx_word' id='word_1_59' title='bbox 369 1462 464 1527; x_wconf 89' lang='lat' dir='ltr'><strong>Lunai</strong></span> <span class='ocrx_word' id='word_1_60' title='bbox 483 1470 600 1544; x_wconf 88' lang='lat' dir='ltr'><strong>porturn</strong></span> <span class='ocrx_word' id='word_1_61' title='bbox 621 1470 668 1527; x_wconf 89' lang='lat' dir='ltr'><strong>est</strong></span> <span class='ocrx_word' id='word_1_62' title='bbox 688 1480 799 1545; x_wconf 83' lang='lat' dir='ltr'><strong>operae</strong></span> <span class='ocrx_word' id='word_1_63' title='bbox 826 1482 1019 1552; x_wconf 77' lang='lat' dir='ltr'><strong>cognoscere,</strong></span> <span class='ocrx_word' id='word_1_64' title='bbox 1042 1470 1130 1533; x_wconf 89' lang='lat' dir='ltr'><strong>cives.</strong></span> 
     </span>
     <span class='ocr_line' id='line_1_11' title="bbox 372 1579 1160 1664; baseline 0.01 -21"><span class='ocrx_word' id='word_1_65' title='bbox 372 1579 430 1644; x_wconf 87' lang='lat' dir='ltr'><strong>Cor</strong></span> <span class='ocrx_word' id='word_1_66' title='bbox 451 1580 532 1644; x_wconf 88' lang='lat' dir='ltr'><strong>iubet</strong></span> <span class='ocrx_word' id='word_1_67' title='bbox 553 1580 611 1644; x_wconf 94' lang='lat' dir='ltr'><strong>hoc</strong></span> <span class='ocrx_word' id='word_1_68' title='bbox 631 1580 715 1664; x_wconf 88' lang='lat' dir='ltr'><strong>Enni,</strong></span> <span class='ocrx_word' id='word_1_69' title='bbox 736 1588 895 1663; x_wconf 82' lang='lat' dir='ltr'><strong>postquam</strong></span> <span class='ocrx_word' id='word_1_70' title='bbox 918 1582 1069 1649; x_wconf 86' lang='lat' dir='ltr'><strong>destertuit</strong></span> <span class='ocrx_word' id='word_1_71' title='bbox 1091 1604 1160 1651; x_wconf 89' lang='lat' dir='ltr'><strong>esso</strong></span> 
     </span>
     <span class='ocr_line' id='line_1_12' title="bbox 371 1698 1116 1787; baseline 0.008 -24"><span class='ocrx_word' id='word_1_72' title='bbox 371 1700 552 1786; x_wconf 83' lang='lat' dir='ltr'><strong>Maeonides,</strong></span> <span class='ocrx_word' id='word_1_73' title='bbox 576 1698 700 1777; x_wconf 84' lang='lat' dir='ltr'><strong>Quintus</strong></span> <span class='ocrx_word' id='word_1_74' title='bbox 720 1719 838 1784; x_wconf 86' lang='lat' dir='ltr'><strong>pavone</strong></span> <span class='ocrx_word' id='word_1_75' title='bbox 861 1720 899 1767; x_wconf 84' lang='lat' dir='ltr'><strong>err</strong></span> <span class='ocrx_word' id='word_1_76' title='bbox 919 1702 1116 1787; x_wconf 80' lang='lat' dir='ltr'><strong>Pythagoreo.</strong></span> 
     </span>
     <span class='ocr_line' id='line_1_13' title="bbox 369 1819 1215 1906; baseline 0.006 -24"><span class='ocrx_word' id='word_1_77' title='bbox 369 1819 427 1884; x_wconf 93' lang='lat' dir='ltr'><strong>llic</strong></span> <span class='ocrx_word' id='word_1_78' title='bbox 447 1837 504 1903; x_wconf 85' lang='lat' dir='ltr'><strong>ego</strong></span> <span class='ocrx_word' id='word_1_79' title='bbox 526 1836 650 1884; x_wconf 89' lang='lat' dir='ltr'><strong>securus</strong></span> <span class='ocrx_word' id='word_1_80' title='bbox 671 1822 753 1903; x_wconf 90' lang='lat' dir='ltr'><strong>volgi</strong></span> <span class='ocrx_word' id='word_1_81' title='bbox 774 1830 811 1906; x_wconf 83' lang='lat' dir='ltr'><strong>ei,</strong></span> <span class='ocrx_word' id='word_1_82' title='bbox 834 1822 904 1904; x_wconf 90' lang='lat' dir='ltr'><strong>quid</strong></span> <span class='ocrx_word' id='word_1_83' title='bbox 926 1830 1086 1904; x_wconf 87' lang='lat' dir='ltr'><strong>praeparet</strong></span> <span class='ocrx_word' id='word_1_84' title='bbox 1106 1824 1215 1887; x_wconf 85' lang='lat' dir='ltr'><strong>hrrster</strong></span> 
     </span>
     <span class='ocr_line' id='line_1_14' title="bbox 369 1938 1030 2024; baseline 0.006 -22"><span class='ocrx_word' id='word_1_85' title='bbox 369 1938 475 2003; x_wconf 83' lang='lat' dir='ltr'><strong>Infelix</strong></span> <span class='ocrx_word' id='word_1_86' title='bbox 495 1942 605 2023; x_wconf 89' lang='lat' dir='ltr'><strong>pecori,</strong></span> <span class='ocrx_word' id='word_1_87' title='bbox 627 1956 759 2024; x_wconf 91' lang='lat' dir='ltr'><strong>securus,</strong></span> <span class='ocrx_word' id='word_1_88' title='bbox 783 1948 813 2005; x_wconf 89' lang='lat' dir='ltr'><strong>et</strong></span> <span class='ocrx_word' id='word_1_89' title='bbox 832 1944 958 2023; x_wconf 89' lang='lat' dir='ltr'><strong>angulus</strong></span> <span class='ocrx_word' id='word_1_90' title='bbox 980 1943 1030 2007; x_wconf 90' lang='lat' dir='ltr'><strong>illc</strong></span> 
     </span>
     <span class='ocr_line' id='line_1_15' title="bbox 371 2059 1222 2140; baseline 0.005 -19"><span class='ocrx_word' id='word_1_91' title='bbox 371 2059 466 2122; x_wconf 82' lang='lat' dir='ltr'><strong>Vicini</strong></span> <span class='ocrx_word' id='word_1_92' title='bbox 487 2064 589 2122; x_wconf 89' lang='lat' dir='ltr'><strong>nostro</strong></span> <span class='ocrx_word' id='word_1_93' title='bbox 611 2060 680 2139; x_wconf 88' lang='lat' dir='ltr'><strong>qnia</strong></span> <span class='ocrx_word' id='word_1_94' title='bbox 701 2061 839 2140; x_wconf 80' lang='lat' dir='ltr'><strong>pinguior</strong></span> <span class='ocrx_word' id='word_1_95' title='bbox 861 2096 901 2107; x_wconf 92' lang='lat'><em>-</em></span> <span class='ocrx_word' id='word_1_96' title='bbox 925 2067 953 2123; x_wconf 89' lang='lat' dir='ltr'><strong>et</strong></span> <span class='ocrx_word' id='word_1_97' title='bbox 974 2062 1000 2123; x_wconf 91' lang='lat' dir='ltr'><strong>si</strong></span> <span class='ocrx_word' id='word_1_98' title='bbox 1021 2060 1097 2124; x_wconf 90' lang='lat' dir='ltr'><strong>adeo</strong></span> <span class='ocrx_word' id='word_1_99' title='bbox 1120 2077 1222 2125; x_wconf 90' lang='lat' dir='ltr'><strong>ornnes</strong></span> 
     </span>
     <span class='ocr_line' id='line_1_16' title="bbox 372 2178 1059 2261; baseline 0.001 -19"><span class='ocrx_word' id='word_1_100' title='bbox 372 2178 524 2242; x_wconf 86' lang='lat' dir='ltr'><strong>Ditesoant</strong></span> <span class='ocrx_word' id='word_1_101' title='bbox 546 2180 601 2242; x_wconf 88' lang='lat' dir='ltr'><strong>orti</strong></span> <span class='ocrx_word' id='word_1_102' title='bbox 623 2178 782 2261; x_wconf 91' lang='lat' dir='ltr'><strong>peioribus,</strong></span> <span class='ocrx_word' id='word_1_103' title='bbox 804 2194 900 2261; x_wconf 87' lang='lat' dir='ltr'><strong>nsque</strong></span> <span class='ocrx_word' id='word_1_104' title='bbox 922 2196 1059 2243; x_wconf 87' lang='lat' dir='ltr'><strong>recusem</strong></span> 
     </span>
     <span class='ocr_line' id='line_1_17' title="bbox 375 2293 1216 2363; baseline 0.006 -5"><span class='ocrx_word' id='word_1_105' title='bbox 375 2293 489 2359; x_wconf 87' lang='lat' dir='ltr'><strong>Curvus</strong></span> <span class='ocrx_word' id='word_1_106' title='bbox 511 2295 549 2359; x_wconf 95' lang='lat' dir='ltr'><strong>ob</strong></span> <span class='ocrx_word' id='word_1_107' title='bbox 571 2296 602 2360; x_wconf 91' lang='lat' dir='ltr'><strong>id</strong></span> <span class='ocrx_word' id='word_1_108' title='bbox 623 2298 714 2361; x_wconf 90' lang='lat' dir='ltr'><strong>minui</strong></span> <span class='ocrx_word' id='word_1_109' title='bbox 735 2300 818 2362; x_wconf 92' lang='lat' dir='ltr'><strong>senio</strong></span> <span class='ocrx_word' id='word_1_110' title='bbox 841 2307 891 2363; x_wconf 85' lang='lat' dir='ltr'><strong>aut</strong></span> <span class='ocrx_word' id='word_1_111' title='bbox 914 2316 1019 2363; x_wconf 88' lang='lat' dir='ltr'><strong>cenare</strong></span> <span class='ocrx_word' id='word_1_112' title='bbox 1042 2300 1105 2363; x_wconf 90' lang='lat' dir='ltr'><strong>sine</strong></span> <span class='ocrx_word' id='word_1_113' title='bbox 1128 2306 1216 2363; x_wconf 86' lang='lat' dir='ltr'><strong>uncio</strong></span> 
     </span>
     <span class='ocr_line' id='line_1_18' title="bbox 372 2414 1149 2499; baseline 0.001 -20"><span class='ocrx_word' id='word_1_114' title='bbox 372 2414 409 2479; x_wconf 86' lang='lat' dir='ltr'><strong>Et</strong></span> <span class='ocrx_word' id='word_1_115' title='bbox 431 2415 548 2496; x_wconf 87' lang='lat' dir='ltr'><strong>signum</strong></span> <span class='ocrx_word' id='word_1_116' title='bbox 569 2416 599 2477; x_wconf 93' lang='lat' dir='ltr'><strong>in</strong></span> <span class='ocrx_word' id='word_1_117' title='bbox 620 2415 729 2498; x_wconf 89' lang='lat' dir='ltr'><strong>vapida</strong></span> <span class='ocrx_word' id='word_1_118' title='bbox 751 2432 826 2479; x_wconf 89' lang='lat' dir='ltr'><strong>naso</strong></span> <span class='ocrx_word' id='word_1_119' title='bbox 847 2418 981 2498; x_wconf 86' lang='lat' dir='ltr'><strong>tetigisse</strong></span> <span class='ocrx_word' id='word_1_120' title='bbox 1002 2416 1117 2499; x_wconf 89' lang='lat' dir='ltr'><strong>lagena.</strong></span> <span class='ocrx_word' id='word_1_121' title='bbox 1148 2452 1149 2459; x_wconf 23' lang='grc' dir='ltr'><strong>κ</strong></span> 
     </span>
     <span class='ocr_line' id='line_1_19' title="bbox 372 2533 1166 2621; baseline 0.004 -24"><span class='ocrx_word' id='word_1_122' title='bbox 372 2533 530 2615; x_wconf 88' lang='lat' dir='ltr'><strong>Disorepet</strong></span> <span class='ocrx_word' id='word_1_123' title='bbox 551 2534 597 2598; x_wconf 94' lang='lat' dir='ltr'><strong>his</strong></span> <span class='ocrx_word' id='word_1_124' title='bbox 620 2534 708 2599; x_wconf 89' lang='lat' dir='ltr'><strong>alius:</strong></span> <span class='ocrx_word' id='word_1_125' title='bbox 732 2537 875 2620; x_wconf 87' lang='lat' dir='ltr'><strong>geminos,</strong></span> <span class='ocrx_word' id='word_1_126' title='bbox 898 2536 1072 2621; x_wconf 90' lang='lat' dir='ltr'><strong>horoscopo,</strong></span> <span class='ocrx_word' id='word_1_127' title='bbox 1095 2552 1166 2602; x_wconf 88' lang='lat' dir='ltr'><strong>varo</strong></span> 
     </span>
     <span class='ocr_line' id='line_1_20' title="bbox 370 2651 1067 2737; baseline 0.006 -21"><span class='ocrx_word' id='word_1_128' title='bbox 370 2651 513 2718; x_wconf 88' lang='lat' dir='ltr'><strong>Producis</strong></span> <span class='ocrx_word' id='word_1_129' title='bbox 536 2652 636 2721; x_wconf 85' lang='lat' dir='ltr'><strong>Genio.</strong></span> <span class='ocrx_word' id='word_1_130' title='bbox 680 2655 759 2721; x_wconf 90' lang='lat' dir='ltr'><strong>Solis</strong></span> <span class='ocrx_word' id='word_1_131' title='bbox 779 2655 928 2720; x_wconf 87' lang='lat' dir='ltr'><strong>natalibus</strong></span> <span class='ocrx_word' id='word_1_132' title='bbox 950 2664 995 2721; x_wconf 86' lang='lat' dir='ltr'><strong>est</strong></span> <span class='ocrx_word' id='word_1_133' title='bbox 1017 2657 1067 2737; x_wconf 85' lang='lat' dir='ltr'><strong>qud</strong></span> 
     </span>
     <span class='ocr_line' id='line_1_21' title="bbox 372 2771 1207 2857; baseline 0.004 -21"><span class='ocrx_word' id='word_1_134' title='bbox 372 2771 478 2855; x_wconf 89' lang='lat' dir='ltr'><strong>&#39;lingat</strong></span> <span class='ocrx_word' id='word_1_135' title='bbox 501 2773 565 2838; x_wconf 94' lang='lat' dir='ltr'><strong>olus</strong></span> <span class='ocrx_word' id='word_1_136' title='bbox 587 2777 698 2840; x_wconf 75' lang='lat' dir='ltr'><strong>siccum</strong></span> <span class='ocrx_word' id='word_1_137' title='bbox 720 2779 814 2840; x_wconf 82' lang='lat' dir='ltr'><strong>muna</strong></span> <span class='ocrx_word' id='word_1_138' title='bbox 836 2778 919 2841; x_wconf 87' lang='lat' dir='ltr'><strong>valer</strong></span> <span class='ocrx_word' id='word_1_139' title='bbox 940 2778 971 2840; x_wconf 95' lang='lat' dir='ltr'><strong>in</strong></span> <span class='ocrx_word' id='word_1_140' title='bbox 993 2775 1086 2840; x_wconf 89' lang='lat' dir='ltr'><strong>calice</strong></span> <span class='ocrx_word' id='word_1_141' title='bbox 1109 2783 1207 2857; x_wconf 84' lang='lat' dir='ltr'><strong>enuptn</strong></span> 
     </span>
     <span class='ocr_line' id='line_1_22' title="bbox 370 2889 1273 2975; baseline 0.003 -22"><span class='ocrx_word' id='word_1_142' title='bbox 370 2889 438 2971; x_wconf 89' lang='lat' dir='ltr'><strong>lpse</strong></span> <span class='ocrx_word' id='word_1_143' title='bbox 460 2909 577 2956; x_wconf 87' lang='lat' dir='ltr'><strong>sacrurn</strong></span> <span class='ocrx_word' id='word_1_144' title='bbox 598 2895 732 2956; x_wconf 89' lang='lat' dir='ltr'><strong>inrorans</strong></span> <span class='ocrx_word' id='word_1_145' title='bbox 755 2896 873 2974; x_wconf 90' lang='lat' dir='ltr'><strong>patinae</strong></span> <span class='ocrx_word' id='word_1_146' title='bbox 897 2897 993 2975; x_wconf 90' lang='lat' dir='ltr'><strong>piper:</strong></span> <span class='ocrx_word' id='word_1_147' title='bbox 1016 2895 1064 2958; x_wconf 93' lang='lat' dir='ltr'><strong>hic</strong></span> <span class='ocrx_word' id='word_1_148' title='bbox 1085 2893 1165 2968; x_wconf 88' lang='lat' dir='ltr'><strong>hona</strong></span> <span class='ocrx_word' id='word_1_149' title='bbox 1187 2893 1273 2957; x_wconf 86' lang='lat' dir='ltr'><strong>dente</strong></span> 
     </span>
     <span class='ocr_line' id='line_1_23' title="bbox 373 3006 1267 3095; baseline 0.002 -24"><span class='ocrx_word' id='word_1_150' title='bbox 373 3006 502 3072; x_wconf 86' lang='lat' dir='ltr'><strong>Grandia</strong></span> <span class='ocrx_word' id='word_1_151' title='bbox 521 3013 726 3092; x_wconf 87' lang='lat' dir='ltr'><strong>magnanimus</strong></span> <span class='ocrx_word' id='word_1_152' title='bbox 748 3013 865 3092; x_wconf 89' lang='lat' dir='ltr'><strong>peragit</strong></span> <span class='ocrx_word' id='word_1_153' title='bbox 886 3028 968 3093; x_wconf 91' lang='lat' dir='ltr'><strong>pucr.</strong></span> <span class='ocrx_word' id='word_1_154' title='bbox 1012 3011 1086 3075; x_wconf 90' lang='lat' dir='ltr'><strong>Utar</strong></span> <span class='ocrx_word' id='word_1_155' title='bbox 1109 3029 1173 3094; x_wconf 89' lang='lat' dir='ltr'><strong>ego,</strong></span> <span class='ocrx_word' id='word_1_156' title='bbox 1194 3018 1267 3095; x_wconf 89' lang='lat' dir='ltr'><strong>utar,</strong></span> 
     </span>
     <span class='ocr_line' id='line_1_24' title="bbox 373 3125 1083 3215; baseline 0.008 -25"><span class='ocrx_word' id='word_1_157' title='bbox 373 3125 437 3191; x_wconf 93' lang='lat' dir='ltr'><strong>Neo</strong></span> <span class='ocrx_word' id='word_1_158' title='bbox 458 3129 598 3194; x_wconf 86' lang='lat' dir='ltr'><strong>rhombos</strong></span> <span class='ocrx_word' id='word_1_159' title='bbox 620 3130 687 3194; x_wconf 84' lang='lat' dir='ltr'><strong>ideo</strong></span> <span class='ocrx_word' id='word_1_160' title='bbox 708 3131 822 3196; x_wconf 85' lang='lat' dir='ltr'><strong>libertis</strong></span> <span class='ocrx_word' id='word_1_161' title='bbox 844 3148 955 3213; x_wconf 86' lang='lat' dir='ltr'><strong>ponere</strong></span> <span class='ocrx_word' id='word_1_162' title='bbox 978 3131 1083 3215; x_wconf 91' lang='lat' dir='ltr'><strong>lautus,</strong></span> 
     </span>
    </p>

    <p class='ocr_par' dir='ltr' id='par_1_3' title="bbox 293 3244 1464 3807">
     <span class='ocr_line' id='line_1_25' title="bbox 293 3244 1143 3314; baseline 0.008 -8"><span class='ocrx_word' id='word_1_163' title='bbox 293 3256 299 3268; x_wconf 92' lang='lat'>·</span> <span class='ocrx_word' id='word_1_164' title='bbox 371 3244 436 3308; x_wconf 89' lang='lat' dir='ltr'><strong>Neo</strong></span> <span class='ocrx_word' id='word_1_165' title='bbox 457 3252 573 3310; x_wconf 87' lang='lat' dir='ltr'><strong>tenuem</strong></span> <span class='ocrx_word' id='word_1_166' title='bbox 596 3247 703 3313; x_wconf 90' lang='lat' dir='ltr'><strong>sollers</strong></span> <span class='ocrx_word' id='word_1_167' title='bbox 726 3248 876 3313; x_wconf 85' lang='lat' dir='ltr'><strong>turdarum</strong></span> <span class='ocrx_word' id='word_1_168' title='bbox 899 3265 989 3312; x_wconf 88' lang='lat' dir='ltr'><strong>nosse</strong></span> <span class='ocrx_word' id='word_1_169' title='bbox 1011 3249 1143 3314; x_wconf 86' lang='lat' dir='ltr'><strong>salivam.</strong></span> 
     </span>
     <span class='ocr_line' id='line_1_26' title="bbox 372 3365 1464 3452; baseline 0.001 -23"><span class='ocrx_word' id='word_1_170' title='bbox 372 3365 472 3430; x_wconf 91' lang='lat' dir='ltr'><strong>hlesse</strong></span> <span class='ocrx_word' id='word_1_171' title='bbox 494 3374 579 3431; x_wconf 89' lang='lat' dir='ltr'><strong>tenus</strong></span> <span class='ocrx_word' id='word_1_172' title='bbox 601 3370 721 3449; x_wconf 91' lang='lat' dir='ltr'><strong>propria</strong></span> <span class='ocrx_word' id='word_1_173' title='bbox 742 3369 814 3435; x_wconf 77' lang='lat' dir='ltr'><strong>vive.</strong></span> <span class='ocrx_word' id='word_1_174' title='bbox 832 3374 860 3431; x_wconf 92' lang='lat' dir='ltr'><strong>et</strong></span> <span class='ocrx_word' id='word_1_175' title='bbox 882 3370 1028 3452; x_wconf 88' lang='lat' dir='ltr'><strong>granaria,</strong></span> <span class='ocrx_word' id='word_1_176' title='bbox 1050 3369 1096 3432; x_wconf 88' lang='lat' dir='ltr'><strong>las</strong></span> <span class='ocrx_word' id='word_1_177' title='bbox 1119 3374 1172 3448; x_wconf 90' lang='lat' dir='ltr'><strong>est,</strong></span> <span class='ocrx_word' id='word_1_178' title='bbox 1432 3373 1464 3434; x_wconf 81' lang='lat'><strong>25</strong></span> 
     </span>
     <span class='ocr_line' id='line_1_27' title="bbox 372 3482 1370 3567; baseline 0.003 -20"><span class='ocrx_word' id='word_1_179' title='bbox 372 3482 487 3547; x_wconf 84' lang='lat' dir='ltr'><strong>Emolel</strong></span> <span class='ocrx_word' id='word_1_180' title='bbox 511 3483 587 3559; x_wconf 82' lang='lat' dir='ltr'><strong>Quid</strong></span> <span class='ocrx_word' id='word_1_181' title='bbox 609 3487 735 3549; x_wconf 83' lang='lat' dir='ltr'><strong>metuis?</strong></span> <span class='ocrx_word' id='word_1_182' title='bbox 758 3482 847 3567; x_wconf 89' lang='lat' dir='ltr'><strong>Ocea,</strong></span> <span class='ocrx_word' id='word_1_183' title='bbox 870 3490 899 3547; x_wconf 90' lang='lat' dir='ltr'><strong>et</strong></span> <span class='ocrx_word' id='word_1_184' title='bbox 923 3500 1012 3564; x_wconf 91' lang='lat' dir='ltr'><strong>seges</strong></span> <span class='ocrx_word' id='word_1_185' title='bbox 1036 3485 1129 3549; x_wconf 91' lang='lat' dir='ltr'><strong>altera</strong></span> <span class='ocrx_word' id='word_1_186' title='bbox 1150 3486 1179 3547; x_wconf 95' lang='lat' dir='ltr'><strong>in</strong></span> <span class='ocrx_word' id='word_1_187' title='bbox 1201 3484 1294 3549; x_wconf 91' lang='lat' dir='ltr'><strong>herba</strong></span> <span class='ocrx_word' id='word_1_188' title='bbox 1317 3493 1370 3550; x_wconf 87' lang='lat' dir='ltr'><strong>cst</strong></span> 
     </span>
     <span class='ocr_line' id='line_1_28' title="bbox 371 3603 1136 3689; baseline 0.004 -25"><span class='ocrx_word' id='word_1_189' title='bbox 371 3603 427 3666; x_wconf 81' lang='lat' dir='ltr'><strong>Ast</strong></span> <span class='ocrx_word' id='word_1_190' title='bbox 448 3613 535 3668; x_wconf 87' lang='lat' dir='ltr'><strong>vocat</strong></span> <span class='ocrx_word' id='word_1_191' title='bbox 555 3606 689 3689; x_wconf 89' lang='lat' dir='ltr'><strong>cilicium,</strong></span> <span class='ocrx_word' id='word_1_192' title='bbox 713 3604 797 3668; x_wconf 86' lang='lat' dir='ltr'><strong>trabe</strong></span> <span class='ocrx_word' id='word_1_193' title='bbox 819 3611 905 3686; x_wconf 88' lang='lat' dir='ltr'><strong>rupta</strong></span> <span class='ocrx_word' id='word_1_194' title='bbox 927 3604 1040 3668; x_wconf 88' lang='lat' dir='ltr'><strong>Bruttia</strong></span> <span class='ocrx_word' id='word_1_195' title='bbox 1061 3621 1136 3668; x_wconf 88' lang='lat' dir='ltr'><strong>saxa</strong></span> 
     </span>
     <span class='ocr_line' id='line_1_29' title="bbox 370 3721 1278 3807; baseline 0.004 -23"><span class='ocrx_word' id='word_1_196' title='bbox 370 3721 489 3787; x_wconf 85' lang='lat' dir='ltr'><strong>Prondit</strong></span> <span class='ocrx_word' id='word_1_197' title='bbox 511 3726 623 3788; x_wconf 81' lang='lat' dir='ltr'><strong>anricus</strong></span> <span class='ocrx_word' id='word_1_198' title='bbox 645 3727 731 3807; x_wconf 94' lang='lat' dir='ltr'><strong>inops</strong></span> <span class='ocrx_word' id='word_1_199' title='bbox 753 3741 875 3806; x_wconf 87' lang='lat' dir='ltr'><strong>remque</strong></span> <span class='ocrx_word' id='word_1_200' title='bbox 900 3740 1015 3788; x_wconf 86' lang='lat' dir='ltr'><strong>ornnem</strong></span> <span class='ocrx_word' id='word_1_201' title='bbox 1037 3723 1187 3806; x_wconf 87' lang='lat' dir='ltr'><strong>surdaque</strong></span> <span class='ocrx_word' id='word_1_202' title='bbox 1210 3731 1278 3788; x_wconf 91' lang='lat' dir='ltr'><strong>vota</strong></span> 
     </span>
    </p>
   </div>
   <div class='ocr_carea' id='block_1_3' title="bbox 285 3981 1468 4411">
    <p class='ocr_par' dir='ltr' id='par_1_4' title="bbox 285 3981 1468 4411">
     <span class='ocr_line' id='line_1_30' title="bbox 360 3981 1468 4053; baseline 0.002 -22"><span class='ocrx_word' id='word_1_203' title='bbox 360 3982 388 4032; x_wconf 90' lang='lat' dir='ltr'><strong>V.</strong></span> <span class='ocrx_word' id='word_1_204' title='bbox 412 3981 438 4032; x_wconf 79' lang='lat' dir='ltr'><strong>h.</strong></span> <span class='ocrx_word' id='word_1_205' title='bbox 470 3981 493 4032; x_wconf 86' lang='lat' dir='ltr'><strong>i.</strong></span> <span class='ocrx_word' id='word_1_206' title='bbox 520 3981 621 4034; x_wconf 77' lang='lat' dir='ltr'><strong>Sabino.</strong></span> <span class='ocrx_word' id='word_1_207' title='bbox 669 3983 694 4034; x_wconf 82' lang='lat'><strong>2.</strong></span> <span class='ocrx_word' id='word_1_208' title='bbox 726 3983 846 4035; x_wconf 86' lang='lat' dir='ltr'><strong>Pithoeus</strong></span> <span class='ocrx_word' id='word_1_209' title='bbox 877 3985 949 4036; x_wconf 69' lang='lat' dir='ltr'><strong>illinc</strong></span> <span class='ocrx_word' id='word_1_210' title='bbox 968 3984 1038 4053; x_wconf 80' lang='lat' dir='ltr'><strong>legit,</strong></span> <span class='ocrx_word' id='word_1_211' title='bbox 1077 3983 1188 4050; x_wconf 79' lang='lat' dir='ltr'><strong>Gupetue</strong></span> <span class='ocrx_word' id='word_1_212' title='bbox 1207 3987 1274 4037; x_wconf 72' lang='lat' dir='ltr'><strong>trito.</strong></span> <span class='ocrx_word' id='word_1_213' title='bbox 1320 3983 1345 4035; x_wconf 87' lang='lat'><strong>3.</strong></span> <span class='ocrx_word' id='word_1_214' title='bbox 1375 3999 1468 4037; x_wconf 83' lang='lat' dir='ltr'><strong>rerrun.</strong></span> 
     </span>
     <span class='ocr_line' id='line_1_31' title="bbox 286 4070 1467 4139; baseline 0.002 -17"><span class='ocrx_word' id='word_1_215' title='bbox 286 4070 312 4122; x_wconf 89' lang='grc'><strong>6.</strong></span> <span class='ocrx_word' id='word_1_216' title='bbox 330 4071 451 4138; x_wconf 81' lang='lat' dir='ltr'><strong>eprepioo.</strong></span> <span class='ocrx_word' id='word_1_217' title='bbox 477 4072 593 4138; x_wconf 74' lang='lat' dir='ltr'><strong>huchue,</strong></span> <span class='ocrx_word' id='word_1_218' title='bbox 623 4071 748 4124; x_wconf 74' lang='lat' dir='ltr'><strong>laudasse.</strong></span> <span class='ocrx_word' id='word_1_219' title='bbox 775 4087 857 4126; x_wconf 79' lang='lat' dir='ltr'><strong>senen</strong></span> <span class='ocrx_word' id='word_1_220' title='bbox 885 4073 1007 4139; x_wconf 84' lang='lat' dir='ltr'><strong>probante</strong></span> <span class='ocrx_word' id='word_1_221' title='bbox 1030 4074 1179 4125; x_wconf 84' lang='lat' dir='ltr'><strong>llermauno.</strong></span> <span class='ocrx_word' id='word_1_222' title='bbox 1219 4074 1242 4123; x_wconf 87' lang='grc'><strong>7.</strong></span> <span class='ocrx_word' id='word_1_223' title='bbox 1264 4073 1410 4124; x_wconf 84' lang='lat' dir='ltr'><strong>llauthalins</strong></span> <span class='ocrx_word' id='word_1_224' title='bbox 1429 4074 1467 4126; x_wconf 82' lang='lat' dir='ltr'><strong>hi-</strong></span> 
     </span>
     <span class='ocr_line' id='line_1_32' title="bbox 286 4158 1468 4229; baseline 0 -17"><span class='ocrx_word' id='word_1_225' title='bbox 286 4159 365 4212; x_wconf 82' lang='lat' dir='ltr'><strong>berno</strong></span> <span class='ocrx_word' id='word_1_226' title='bbox 383 4162 463 4229; x_wconf 77' lang='lat' dir='ltr'><strong>utpute.</strong></span> <span class='ocrx_word' id='word_1_227' title='bbox 508 4158 535 4214; x_wconf 88' lang='lat'><strong>8.</strong></span> <span class='ocrx_word' id='word_1_228' title='bbox 561 4160 662 4227; x_wconf 79' lang='lat' dir='ltr'><strong>recepit.</strong></span> <span class='ocrx_word' id='word_1_229' title='bbox 700 4159 725 4210; x_wconf 82' lang='lat'><strong>9.</strong></span> <span class='ocrx_word' id='word_1_230' title='bbox 754 4163 902 4228; x_wconf 79' lang='lat' dir='ltr'><strong>coprooscr&#39;lc.</strong></span> <span class='ocrx_word' id='word_1_231' title='bbox 932 4161 1053 4213; x_wconf 84' lang='lat' dir='ltr'><strong>Dorleaus</strong></span> <span class='ocrx_word' id='word_1_232' title='bbox 1082 4165 1120 4214; x_wconf 85' lang='lat' dir='ltr'><strong>cot</strong></span> <span class='ocrx_word' id='word_1_233' title='bbox 1134 4162 1248 4227; x_wconf 64' lang='lat' dir='ltr'><strong>mebeten.</strong></span> <span class='ocrx_word' id='word_1_234' title='bbox 1300 4159 1340 4212; x_wconf 81' lang='lat'><strong>12.</strong></span> <span class='ocrx_word' id='word_1_235' title='bbox 1370 4161 1468 4212; x_wconf 76' lang='lat' dir='ltr'><strong>Lenoni-</strong></span> 
     </span>
     <span class='ocr_line' id='line_1_33' title="bbox 285 4247 1467 4316; baseline -0.001 -16"><span class='ocrx_word' id='word_1_236' title='bbox 285 4252 337 4300; x_wconf 81' lang='lat' dir='ltr'><strong>riuo</strong></span> <span class='ocrx_word' id='word_1_237' title='bbox 369 4247 408 4300; x_wconf 86' lang='lat' dir='ltr'><strong>hio</strong></span> <span class='ocrx_word' id='word_1_238' title='bbox 427 4263 484 4316; x_wconf 78' lang='lat' dir='ltr'><strong>apo,</strong></span> <span class='ocrx_word' id='word_1_239' title='bbox 535 4247 576 4301; x_wconf 85' lang='grc'><strong>13.</strong></span> <span class='ocrx_word' id='word_1_240' title='bbox 607 4263 708 4316; x_wconf 86' lang='lat' dir='ltr'><strong>pecore.</strong></span> <span class='ocrx_word' id='word_1_241' title='bbox 760 4249 800 4302; x_wconf 79' lang='lat' dir='ltr'><strong>ln.</strong></span> <span class='ocrx_word' id='word_1_242' title='bbox 823 4253 876 4303; x_wconf 79' lang='lat' dir='ltr'><strong>etei.</strong></span> <span class='ocrx_word' id='word_1_243' title='bbox 917 4249 957 4301; x_wconf 82' lang='grc'><strong>18.</strong></span> <span class='ocrx_word' id='word_1_244' title='bbox 976 4251 1021 4302; x_wconf 83' lang='lat' dir='ltr'><strong>lio.</strong></span> <span class='ocrx_word' id='word_1_245' title='bbox 1059 4250 1102 4302; x_wconf 85' lang='lat'><strong>20.</strong></span> <span class='ocrx_word' id='word_1_246' title='bbox 1121 4252 1223 4316; x_wconf 78' lang='lat' dir='ltr'><strong>tingunt.</strong></span> <span class='ocrx_word' id='word_1_247' title='bbox 1260 4247 1304 4301; x_wconf 84' lang='lat'><strong>23.</strong></span> <span class='ocrx_word' id='word_1_248' title='bbox 1332 4249 1467 4302; x_wconf 76' lang='lat' dir='ltr'><strong>scombros,</strong></span> 
     </span>
     <span class='ocr_line' id='line_1_34' title="bbox 286 4336 1466 4411; baseline -0.002 -21"><span class='ocrx_word' id='word_1_249' title='bbox 286 4337 504 4411; x_wconf 80' lang='lat' dir='ltr'><strong>hiarciliusloulio.</strong></span> <span class='ocrx_word' id='word_1_250' title='bbox 537 4337 580 4390; x_wconf 68' lang='grc'><strong>24.</strong></span> <span class='ocrx_word' id='word_1_251' title='bbox 594 4341 680 4393; x_wconf 82' lang='lat' dir='ltr'><strong>tenues</strong></span> <span class='ocrx_word' id='word_1_252' title='bbox 693 4338 796 4392; x_wconf 63' lang='lat' dir='ltr'><strong>aniona</strong></span> <span class='ocrx_word' id='word_1_253' title='bbox 809 4337 949 4391; x_wconf 73' lang='lat' dir='ltr'><strong>ardorem.</strong></span> <span class='ocrx_word' id='word_1_254' title='bbox 979 4337 1022 4390; x_wconf 84' lang='lat'><strong>26.</strong></span> <span class='ocrx_word' id='word_1_255' title='bbox 1032 4341 1136 4390; x_wconf 77' lang='lat' dir='ltr'><strong>metues.</strong></span> <span class='ocrx_word' id='word_1_256' title='bbox 1149 4351 1180 4388; x_wconf 87' lang='lat' dir='ltr'><strong>eo</strong></span> <span class='ocrx_word' id='word_1_257' title='bbox 1194 4350 1272 4404; x_wconf 78' lang='lat' dir='ltr'><strong>sepes.</strong></span> <span class='ocrx_word' id='word_1_258' title='bbox 1305 4336 1466 4404; x_wconf 81' lang='lat' dir='ltr'><strong>28.prendel</strong></span> 
     </span>
    </p>
   </div>
   <div class='ocr_carea' id='block_1_4' title="bbox 0 0 1658 4975">
    <p class='ocr_par' dir='ltr' id='par_1_5' title="bbox 0 0 1658 4975">
     <span class='ocr_line' id='line_1_35' title="bbox 0 0 1658 4975; baseline 0 0"><span class='ocrx_word' id='word_1_259' title='bbox 0 0 1658 4975; x_wconf 95' lang='lat' dir='ltr'><strong> </strong></span> 
     </span>
    </p>
   </div>
  </div>
 </body>
</html>
