3300 4975
271 496 383 558 tantum
396 489 443 577 ⁰⁰)
466 490 505 556 ad
526 495 649 556 matrem
681 488 824 555 codicillis
845 490 961 572 rogavit
983 505 1064 573 cam,
1098 493 1130 555 ut
1152 489 1237 556 daret
1259 490 1387 558 Cornuto
1402 492 1459 579 ⁶¹)

273 598 409 664 sestertia
432 592 478 681 [ut
499 594 617 677 quidam
631 590 694 679 62)]
717 599 833 658 centum
849 589 896 676 ⁰³)
920 588 965 677 [nt
986 593 1036 655 alii
1049 592 1157 676 volunt,
1180 592 1262 680 plus]
1285 602 1314 659 ot
1327 593 1374 680 aa)
1397 584 1483 660 ar-l

272 700 430 781 gentilacti
441 698 539 781 pondo
551 696 598 783 65)
613 697 669 761 XX
680 696 812 760 ctlibras
828 697 908 781 circa
923 698 1125 777 septingentos
1137 695 1311 783 [Chrysippi
1324 698 1372 783 66)
1388 702 1460 763 sire
1482 676 1483 757 Ϊ

270 801 479 867 bibliothecam
501 819 586 867 suam
608 816 731 865 omnem
775 801 893 863 Vemm.
907 816 925 862 a
941 796 1126 883 cornutae)
1149 799 1273 865 sublatis
1288 800 1370 865 libris
1393 818 1459 884 pe·

271 907 386 970 cuniam
407 904 567 988 sororibus,
590 920 665 985 quas
687 903 813 968 heredes
836 905 927 967 trater
949 903 1068 987 iecerat,
1089 904 1207 986 reliquit
1221 902 1291 992 68).]
1330 906 1367 971 Et
1382 924 1458 970 raro

271 1015 300 1071 ct
321 1007 405 1072 tarde
426 1009 544 1090 scripsit
556 1004 613 1091 ὓ6).
656 1006 742 1071 llunc
759 1004 804 1091 ἶ6)
839 1008 935 1087 ipsum
957 1006 1062 1071 librum
1094 1008 1296 1088 imperfectum
1316 1008 1457 1090 reliquit:

271 1127 378 1175 versus
399 1110 490 1191 aliqui
512 1108 622 1190 dempti
642 1116 710 1175 sunt
732 1109 769 1173 de
790 1110 890 1173 ultimo
912 1108 988 1173 libro
1005 1108 1050 1196 71)
1074 1117 1113 1195 ct,
1137 1113 1223 1193 quasi
1244 1111 1339 1176 linitus
1362 1118 1457 1195 essct,
1482 1152 1483 1187 p

271 1214 375 1280 leviter
396 1215 542 1277 contraxit
564 1211 709 1276 Cornutus
727 1210 771 1297 a]
794 1219 823 1276 et
845 1212 951 1276 Caesio
973 1212 1068 1277 Basso
1091 1216 1206 1297 petenti,
1228 1221 1259 1278 nt
1280 1217 1345 1295 ipse
1374 1214 1457 1277 cde·
1482 1194 1483 1231 r

271 1321 317 1379 ret
332 1313 386 1400 63),
408 1313 526 1379 tradidit
547 1312 700 1378 edendum.
743 1314 909 1396 Scripserat
924 1318 1012 1380 ctiam
1033 1318 1062 1379 in
1080 1319 1204 1398 pueritia
1218 1318 1341 1383 Flaccus
1357 1336 1457 1400 prae·

271 1423 380 1483 textam
409 1419 518 1482 Decius
535 1415 579 1502 64)
613 1424 642 1481 et
664 1406 870 1502 ὁδοιπορικόν
884 1416 929 1503 ³⁵)
959 1418 1065 1482 librum
1086 1436 1176 1483 unum
1209 1426 1238 1485 ct
1257 1438 1372 1503 paucos
1396 1438 1457 1485 so·
1482 1430 1483 1485 l

271 1642 400 1696 codicibus
417 1643 482 1695 male
500 1644 622 1696 sestertia.
641 1642 672 1695 ll.
694 1647 716 1695 l.
734 1640 761 1694 P.
783 1642 794 1696 1
815 1643 951 1695 sestertios
968 1643 1052 1696 tricies.
1070 1643 1168 1695 Pithoei
1183 1645 1254 1697 codd.
1281 1646 1388 1699 circiter.
1409 1661 1455 1701 re-

271 1733 345 1803 apat,
362 1734 391 1785 tet
407 1731 507 1801 quidam
524 1733 634 1785 &amat
651 1731 691 1784 ed.
709 1748 745 1799 pr.
775 1728 816 1797 66)
835 1734 918 1785 tamea
936 1730 999 1785 Pith.
1019 1732 1084 1797 cod,
1102 1734 1172 1797 Vin.;
1191 1734 1302 1800 praefert
1318 1734 1456 1801 boherius,

271 1820 463 1890 quamplurimi
482 1822 561 1896 secuti
580 1820 773 1874 suntcditores.
809 1817 850 1886 ⁶¹)
870 1822 906 1871 sic
926 1821 966 1873 ed.
984 1838 1029 1888 pr,
1056 1823 1103 1873 nisi
1121 1822 1189 1891 quod
1216 1825 1362 1893 repertique
1383 1824 1455 1894 legit.

272 1908 380 1962 Codices
399 1909 510 1962 Corneto
527 1911 633 1978 reposit,
652 1912 679 1962 at
695 1910 774 1963 daret.
793 1908 820 1961 L.
842 1906 859 1960 3
879 1908 989 1962 Corneto
1008 1913 1034 1963 at
1050 1909 1129 1979 daret,
1154 1914 1259 1979 rapaott.
1281 1912 1312 1963 Μ.
1339 1915 1361 1965 l.
1384 1913 1455 1966 Cor-

270 2003 359 2053 rttrttem
374 2001 480 2068 roperti.
509 1995 550 2061 ⁶²)
569 1998 653 2052 dictast
663 1999 741 2068 volgo
760 1998 800 2049 hic
818 1999 920 2062 addunt,
940 2001 1055 2053 sestertia
1068 2001 1158 2051 omittit
1175 2000 1214 2053 ed.
1233 2016 1262 2067 pr
1300 1996 1340 2065 ⁶³)
1355 2000 1456 2053 Emeu-

271 2088 369 2153 darnnt‚
387 2088 455 2157 quod
473 2087 612 2157 legebatur,
631 2088 724 2140 centies
737 2085 898 2139 casaubonus
912 2096 937 2139 et
949 2085 1097 2141 Gronovius.
1118 2090 1259 2142 sestertium
1277 2090 1370 2143 centies
1390 2090 1454 2141 Sca-

271 2176 344 2246 liger.
372 2178 487 2230 sestertia
513 2176 590 2229 etates
615 2177 658 2227 art
683 2176 711 2227 at
733 2173 834 2243 padam
852 2177 944 2229 eander
971 2176 1002 2228 Μ.
1025 2177 1045 2229 l.
1065 2178 1104 2230 W.
1140 2173 1181 2241 ⁶⁴)
1206 2178 1243 2231 sic
1271 2177 1298 2229 L.
1317 2174 1342 2229 3.
1367 2180 1453 2245 plures

272 2265 356 2317 vineti
374 2265 431 2317 cod.
451 2273 477 2316 et
494 2264 533 2315 ed.
553 2280 589 2330 pr.
605 2263 662 2330 ptus
685 2266 709 2316 et
726 2263 824 2330 plurimi
844 2264 945 2317 codices
964 2270 1086 2319 omittunt.
1110 2270 1135 2322 et
1152 2269 1195 2321 attt
1219 2268 1304 2323 volunt
1314 2268 1400 2335 pierres
1412 2270 1451 2320 ed.
1482 2244 1483 2335 i

270 2371 308 2422 pr.
345 2350 386 2421 66)
404 2356 441 2405 sic
458 2355 486 2405 L.
505 2351 530 2405 3.
543 2352 713 2403 Emendarunt
730 2353 858 2422 volgatum
873 2354 990 2421 peredere
1009 2354 1170 2409 Cnsaubonus
1189 2365 1214 2408 et
1228 2354 1374 2409 Gronovius.
1389 2355 1450 2425 sacti

272 2444 363 2497 omittit
380 2442 420 2495 cd.
440 2458 477 2511 pr.
514 2437 554 2506 66)
573 2440 642 2494 tibris
659 2443 728 2494 circa
745 2444 912 2509 septtnpetttaa
936 2441 1050 2511 Crtttppe
1070 2443 1109 2497 od.
1128 2461 1165 2512 pr.
1184 2443 1315 2516 Chrysippi
1340 2450 1453 2499 omittunt
1482 2438 1483 2477 1

271 2532 300 2586 G.
319 2542 345 2585 ct
363 2532 461 2584 Prthoei
481 2530 563 2593 codd,
580 2529 673 2582 Jabnns
692 2533 762 2581 uncis
777 2531 886 2594 inclusit.
916 2529 953 2583 Cf.
973 2531 1045 2602 Diog.
1059 2533 1141 2586 Laert.
1161 2534 1213 2598 vn,
1238 2535 1295 2590 181.
1314 2535 1450 2606 breitrnger

271 2621 488 2676 catantiarum.
526 2615 566 2682 67)
587 2618 712 2672 Cornutus
729 2618 808 2688 volgo
829 2635 884 2670 cum
903 2619 1017 2674 Pithoeo.
1054 2618 1095 2689 ⁶⁸)
1113 2623 1213 2675 licinius
1223 2624 1304 2676 voluit
1320 2629 1410 2678 sorori
1434 2626 1452 2678 el

210 2702 213 2712 ¹
272 2713 348 2764 matri
365 2718 392 2763 ct
409 2711 492 2762 omisit
509 2708 598 2778 frater,
617 2709 663 2760 sed
676 2709 753 2761 verba
767 2723 856 2762 verrem
871 2738 900 2750 -
917 2711 1015 2781 reliquit
1027 2712 1092 2764 mala
1106 2714 1198 2764 inserta
1212 2730 1268 2765 esse
1281 2721 1349 2764 recte
1363 2714 1457 2765 iamdiu

272 2803 393 2852 monitum
412 2807 457 2850 est.
488 2797 581 2850 Jahnus
600 2798 682 2849 locum
702 2800 772 2848 uncis
791 2798 898 2863 inclusit,
918 2798 1012 2850 addens
1030 2799 1149 2869 Prolegg.
1168 2817 1192 2866 p.
1212 2800 1301 2851 xxvi:
1333 2800 1459 2852 Nolebarn

273 2889 375 2941 dubium
394 2891 542 2954 exprimere
554 2889 585 2938 de
604 2888 752 2938 narrationis
770 2886 830 2951 tide,
848 2889 893 2940 scd
913 2891 1062 2956 exprimere,
1088 2889 1164 2941 verba
1183 2890 1290 2956 genuina
1309 2903 1359 2936 non
1380 2905 1461 2954 posse

272 2979 379 3030 restitui.
416 2973 456 3042 ⁶⁹)
475 2979 576 3043 scripsit
593 2982 708 3028 omittunt
726 2976 756 3026 Μ.
775 2976 799 3028 2.
818 2976 847 3027 L.
867 2975 891 3028 3.
910 2976 941 3030 Et
958 2979 1105 3046 scriptitavit
1122 2981 1147 3029 et
1163 2989 1226 3028 rara
1245 2978 1269 3028 et
1286 2974 1358 3026 tarda
1377 2975 1410 3028 Μ.
1440 2980 1462 3031 l·

273 3069 313 3122 W.
332 3066 415 3119 verna
431 3064 531 3134 [ecerat
545 3095 575 3104 -
589 3067 692 3133 scripsit
702 3068 792 3116 omittit
804 3065 844 3117 ed.
859 3083 893 3133 pr.
925 3062 965 3132 76)
980 3069 995 3118 i.
1010 3083 1031 3120 e.
1044 3071 1172 3120 satirarum
1184 3063 1283 3127 librum,
1297 3064 1368 3114 cuius
1383 3081 1461 3117 oom-
1482 3081 1483 3094 ¹

273 3156 395 3207 meutario
423 3156 475 3205 vita
494 3156 629 3221 praemissa
648 3161 710 3204 erat.
741 3154 863 3206 Buberlus
883 3156 948 3208 malo
966 3157 1032 3209 blac.
1069 3152 1108 3220 Ἠ)
1127 3157 1163 3206 sic
1191 3153 1218 3205 B.
1238 3152 1269 3205 Α.
1288 3152 1327 3204 ed.
1356 3169 1394 3219 pr.
1426 3155 1460 3208 de

273 3245 358 3297 utttnte
376 3243 438 3296 libri.
457 3243 502 3295 Βο.
521 3246 548 3296 tra
565 3244 651 3296 altimo
670 3243 755 3312 volgo.
772 3245 858 3297 atttme
877 3247 907 3298 Μ.
931 3248 952 3299 t.
971 3248 997 3298 L.
1016 3245 1050 3310 3.‚
1069 3245 1136 3316 qnod
1156 3246 1251 3312 recepit
1262 3243 1363 3296 Jabnus.
1378 3245 1461 3297 ultimi
1482 3281 1483 3290 .

275 3334 305 3387 Μ.
324 3333 471 3386 aaran.
492 3332 516 3384 2.
538 3334 576 3384 W.
595 3332 671 3384 aar.
695 3333 716 3385 1.
736 3331 760 3383 2.
780 3333 810 3383 Μ.
834 3333 855 3382 1.
875 3334 902 3384 L.
921 3333 945 3386 3.
983 3330 1021 3396 ⁷²)
1040 3337 1076 3385 sic
1095 3343 1163 3386 recte
1194 3333 1222 3385 B.
1241 3334 1287 3384 Ro.
1306 3333 1336 3385 tl.
1355 3332 1394 3383 W.
1415 3333 1460 3384 ed.

275 3439 312 3489 pr.
332 3424 412 3491 (quac
430 3421 556 3474 Cereales
575 3422 688 3479 omittit).
710 3422 800 3472 conca
817 3423 843 3472 et
860 3421 885 3473 C.
910 3422 942 3474 Μ.
967 3423 989 3474 t.
1009 3424 1175 3476 cauteriavit
1200 3422 1228 3472 L.
1249 3419 1274 3472 3.
1292 3423 1405 3474 recituml
1423 3420 1458 3474 Μ.

274 3511 299 3563 2.
317 3513 431 3565 recitavit
447 3511 558 3564 Cornuto
577 3510 604 3562 P.
627 3511 649 3564 1.
667 3509 692 3560 2.
707 3510 767 3561 cod.
787 3510 841 3561 Vin.
855 3513 881 3563 ut
890 3512 962 3580 quart
974 3509 1001 3560 P.
1019 3513 1039 3562 1.
1053 3510 1078 3562 2.
1093 3511 1118 3560 L.
1130 3507 1156 3564 3.
1172 3511 1209 3562 sic
1227 3510 1375 3578 Breitingcr.
1394 3523 1460 3578 prees

275 3602 347 3670 pransi
366 3600 422 3650 cod.
441 3600 497 3651 Vin.
513 3597 611 3666 finitam
629 3599 656 3650 L.
676 3597 701 3650 3.
721 3599 761 3652 W.
781 3599 870 3652 leniter
890 3599 916 3650 B.
937 3599 982 3650 Ro.
1002 3597 1194 3666 Oudendorpius
1213 3602 1321 3652 coniecit
1336 3601 1459 3664 retruso,

274 3687 398 3740 Bnhcrius
415 3689 568 3754 reaestuat,
588 3687 655 3755 quod
669 3687 804 3754 probarunt
817 3687 925 3751 Heinius,
945 3687 1049 3739 Wolfins
1069 3697 1094 3740 et
1105 3688 1199 3741 Jahnus
1211 3689 1328 3758 Prolegg.
1348 3704 1371 3754 p.
1382 3687 1458 3742 XLV.
1482 3755 1483 3766 γ

276 3777 318 3847 qni
336 3778 363 3827 in
380 3777 431 3827 vita
450 3777 504 3842 ipsa
522 3777 637 3828 cemestt
654 3783 816 3844 reposuerat3
836 3785 875 3828 sot
893 3778 1086 3846 repugnatillud
1104 3781 1176 3850 quast
1192 3777 1277 3846 parta
1296 3780 1368 3845 esset,
1388 3777 1458 3847 quod

277 3866 309 3918 ad
326 3866 528 3918 retractationem
546 3863 604 3915 libri
622 3881 673 3915 non
691 3874 795 3931 spectat.
834 3863 873 3930 73)
890 3867 992 3922 cenaret
1009 3869 1039 3919 Μ.
1061 3868 1085 3922 2.
1113 3868 1141 3920 Ρ.
1164 3867 1220 3922 1.2
1252 3868 1293 3920 W.
1322 3863 1460 3934 perficeret

277 3957 390 4019 Vinctus,
408 3952 538 4004 Bubcrius.
575 3950 669 4003 tatinus
686 3954 734 4019 ipsi
752 3954 857 4008 cederet.
896 3951 937 4022 ⁷⁴)
955 3955 1060 4010 Flaccus
1086 3959 1114 4010 itt
1129 3957 1237 4024 pueritia
1264 3955 1304 4006 ed.
1324 3971 1361 4021 pr.
1377 3969 1459 4022 prae

277 4047 350 4098 testa
366 4042 479 4095 adactas
498 4040 537 4093 ed.
557 4057 594 4108 pr.
610 4046 746 4108 mceoeata
763 4047 864 4098 aeolides
883 4045 910 4096 B.
932 4045 978 4097 lto.
999 4044 1028 4096 tt.
1046 4047 1207 4112 praetectum
1231 4041 1316 4096 Vescia
1336 4041 1367 4092 Μ.
1388 4042 1411 4093 1.
1431 4043 1457 4098 2.

278 4132 305 4183 Ρ.
327 4133 350 4182 1.
368 4131 393 4183 2.
412 4131 440 4182 L.
458 4127 484 4180 3.
502 4130 542 4182 W.
561 4129 615 4182 Vin.
635 4139 661 4182 et
672 4129 737 4182 Prth.
760 4132 833 4184 codd.
858 4133 944 4188 Vestio
962 4147 1086 4202 nunqnam
1105 4139 1249 4199 praetextos
1267 4144 1360 4181 nomen
1382 4130 1461 4184 tuisse

279 4229 366 4274 contra
384 4221 510 4273 Bartbium
528 4219 636 4272 navam.
655 4221 696 4282 XI,
721 4220 756 4273 at
776 4223 899 4288 spondeo.
940 4220 1059 4274 Welclser
1077 4220 1093 4272 l.
1111 4220 1128 4271 l
1146 4236 1170 4287 p.
1191 4219 1258 4270 titt
1285 4233 1336 4270 non
1354 4218 1461 4288 dubitat,

279 4311 386 4362 addens:
405 4309 576 4374 „rornebmer
594 4309 790 4362 Schlommer?“
808 4308 929 4363 Omittunt
947 4317 1092 4379 praetextae
1110 4322 1202 4360 noman
1220 4305 1339 4358 Pithoeus
1357 4315 1384 4358 ct
1398 4307 1462 4360 ltet-

297 4401 342 4453 'us.
381 4398 463 4451 Amici
489 4414 591 4464 nomen,
619 4400 659 4452 cui
678 4394 831 4466 praetextam
858 4401 984 4469 scripserit
1007 4398 1117 4460 Persius,
1144 4396 1169 4447 iu
1196 4395 1240 4447 illo
1271 4394 1355 4448 Vestio
1380 4394 1462 4450 latero

306 4487 416 4543 molatur
434 4486 634 4563 Oudendorpius.
670 4487 837 4542 lleulrircbius
855 4487 968 4550 Quintilii
985 4487 1044 4541 Vari
1062 4484 1188 4540 interitum
1205 4482 1285 4536 Persii
1311 4481 1397 4538 fabula
1414 4500 1463 4540 ce·
