3300 4975
299 366 354 437 'ic
788 368 998 427 eamr-vr.

397 555 569 638 Clivomque
590 554 629 619 ad
651 555 745 619 Virlri:
767 560 889 637 praesto
910 562 957 621 εει
978 555 1046 619 milri
1068 556 1184 621 Manius
1205 556 1303 621 lueres.

394 676 557 756 Progenies
579 675 692 737 terrac!
715 672 833 748 Quaere
855 690 893 737 cx
914 691 970 758 me,
995 677 1060 756 quis
1082 674 1151 739 milri
1174 684 1295 759 quartus

395 794 440 858 Sit
460 801 552 876 pater,
575 792 645 857 haut
667 798 810 874 prompte,
835 791 929 855 dicam
952 798 1060 856 tamen:
1085 792 1161 858 adde
1184 797 1272 859 etiam
1293 812 1395 879 unum,

394 912 491 977 Unum
513 915 600 975 etiam
623 947 662 955 -
685 917 782 973 terrae
805 918 851 975 est
872 912 929 974 iam
952 908 1037 993 ilius,
1060 913 1179 975 etmihi
1201 916 1257 979 ritu

394 1032 510 1096 Manius
533 1031 581 1095 hic
601 1031 720 1112 generis
743 1047 837 1113 prope
859 1032 954 1093 maior
976 1030 1137 1095 auunculus
1160 1034 1227 1097 erit
1440 1037 1470 1099 66

396 1150 453 1226 Qui
474 1153 555 1233 prior
577 1166 619 1232 cs,
640 1164 693 1213 cnr
713 1163 760 1211 me
782 1150 813 1211 in
835 1147 961 1211 decursu
983 1147 1122 1231 lampada
1143 1153 1270 1231 poscis?

395 1271 466 1334 Sum
488 1268 540 1333 tilti
561 1268 737 1331 Mercurius:
761 1268 847 1330 venio
871 1250 945 1331 deus
967 1267 1024 1331 huc
1047 1283 1111 1352 ego,
1133 1277 1165 1332 ut
1186 1268 1236 1334 illc

394 1390 534 1471 Pingitur.
577 1388 624 1450 An
646 1389 766 1451 renuis?
789 1389 844 1451 Vin
866 1394 897 1452 tu
919 1388 1051 1470 gaudere
1072 1389 1204 1456 relictis?

394 1512 487 1574 Deest
508 1507 619 1591 aliquid
640 1523 781 1572 summae.
823 1508 915 1571 Minui
937 1509 1013 1593 mihi,
1036 1515 1082 1573 set
1103 1508 1154 1573 tibi
1176 1516 1265 1575 totum
1289 1518 1342 1595 est,

395 1629 543 1713 Quidquid
557 1627 587 1694 id
601 1635 658 1693 est:
674 1626 785 1711 ubisit,
800 1626 870 1707 iugc
887 1642 1039 1711 quaerere,
1063 1626 1142 1709 quod
1158 1629 1229 1692 milri
1246 1627 1397 1710 quondam
1436 1630 1465 1693 65

393 1750 521 1832 Legerat
543 1747 661 1831 Tadius,
683 1763 742 1810 neu
765 1745 841 1810 dicta
863 1761 974 1827 repone
997 1752 1127 1827 patema.

394 1868 515 1933 Fenoris
537 1864 661 1931 accedat
682 1879 811 1927 merces:
835 1862 903 1927 lrinc
924 1864 1020 1927 eximo
1042 1870 1182 1947 sumptus.

395 1988 473 2064 Quid
492 1987 636 2069 reliquom
659 1985 724 2047 esti
746 1982 922 2064 Reliquomi
944 1982 1036 2067 Nunc,
1058 2000 1135 2049 nunc
1156 1986 1317 2068 impensius
1337 2004 1423 2071 unge,

394 2109 489 2192 Unge,
511 2123 593 2189 puer,
616 2104 729 2168 caules!
753 2104 826 2167 llilri
848 2102 924 2165 testa
944 2101 1011 2165 luce
1034 2108 1178 2185 coquatur

395 2228 496 2293 Urtica
519 2232 547 2289 et
567 2224 638 2287 lissa
659 2224 806 2287 iumosum
828 2224 954 2305 sinciput
975 2240 1056 2307 aure,

393 2346 433 2412 Ut
453 2353 521 2409 tuus
542 2346 599 2407 iste
621 2358 716 2423 nepos
739 2340 807 2405 olim
830 2347 913 2405 satur
934 2344 1050 2405 anseris
1072 2344 1156 2428 extis,

394 2463 489 2543 Quom
511 2478 630 2528 morosa
650 2476 728 2543 ungo
750 2458 900 2543 singultiet
921 2461 1039 2542 inguine
1060 2476 1144 2546 uena,

392 2585 539 2650 Patriciae
560 2581 690 2646 immeiat
709 2579 838 2644 uuluae?
859 2578 931 2642 Mihi
951 2585 1045 2642 trama
1066 2579 1178 2662 figurae

393 2707 439 2771 Sit
459 2704 582 2785 reliqua,
604 2706 651 2764 nst
670 2699 714 2763 illi
735 2703 841 2763 tremat
861 2702 977 2760 omento
999 2713 1078 2779 pcpa
1100 2701 1223 2764 uenter?

393 2822 496 2888 Vende
516 2823 643 2887 animam
665 2818 757 2899 lucro,
780 2830 913 2878 mercare
936 2820 1023 2895 atque
1046 2823 1150 2879 excute
1172 2816 1279 2884 sollers
1433 2822 1462 2884 li

394 2940 487 3007 Omne
509 2939 586 3003 latus
607 2935 715 3020 mundi,
737 2950 793 2998 nec
815 2934 854 2997 sit
875 2935 1072 3015 praestantior
1094 2935 1168 2999 alter

394 3062 588 3146 Cappadocas
610 3057 706 3140 rigida
727 3058 854 3139 pingues
876 3054 1025 3137 plausisse
1048 3062 1171 3120 catasta:

391 3185 464 3250 Rem
487 3183 620 3265 duplicat
641 3179 727 3244 Feci:
749 3181 810 3242 iam
832 3177 948 3260 triplex,
969 3179 1028 3241 iam
1050 3179 1119 3242 milri
1141 3183 1253 3263 quarto,

391 3304 457 3367 Jam
480 3301 580 3366 decies
602 3298 679 3362 redit
699 3300 729 3362 in
750 3313 868 3379 rugam:
893 3295 1027 3379 depinge,
1050 3296 1100 3360 ulti
1122 3297 1233 3362 sistam.

390 3423 537 3506 laventus,
561 3418 735 3501 Cluysippc,
757 3419 798 3480 tui
819 3417 916 3480 imitor
941 3417 1052 3480 acervi!
1434 3413 1466 3479 80

367 3634 397 3684 V.
416 3632 443 3683 L.
471 3630 515 3683 56.
541 3633 580 3684 eei
605 3631 733 3682 omittitur.
761 3630 888 3683 Manutius.
932 3627 975 3680 58.
1001 3630 1138 3696 promptus.
1167 3627 1258 3680 dicum.
1289 3625 1385 3682 Tatttett
1405 3625 1466 3681 addc-

294 3723 337 3777 59.
357 3723 451 3776 Versus
471 3723 497 3772 in
509 3721 634 3774 nonatullis
647 3721 721 3774 codd.
734 3721 816 3784 deest,
834 3727 874 3772 εει
885 3719 986 3770 minime
998 3717 1176 3770 sollicitandus.
1209 3715 1251 3767 66.
1271 3718 1349 3770 emitti.
1376 3715 1419 3770 dt.
1432 3717 1465 3768 etl

293 3811 416 3880 tmapcde.
433 3825 534 3878 puseus.
571 3808 614 3862 63.
633 3812 679 3863 vie.
700 3810 812 3864 relictus.
849 3807 892 3860 66.
911 3808 1005 3876 mpori.
1019 3806 1126 3873 Stadios,
1149 3803 1241 3858 Staius.
1266 3819 1320 3858 acc
1338 3819 1413 3874 porte,
1425 3806 1465 3856 tm·

291 3913 367 3970 pone,
388 3912 492 3966 oppone.
537 3896 579 3949 68.
607 3899 659 3950 iam
682 3900 796 3964 peneum,
821 3899 874 3950 ium
894 3897 1038 3962 impermius.
1085 3893 1128 3946 69.
1158 3897 1283 3963 coquetur.
1323 3893 1366 3946 70.
1386 3896 1475 3958 seman,

290 3987 356 4057 fixo.
395 3987 526 4040 limene.
546 3986 666 4038 Pithoeus
676 4000 831 4053 spumosum.
865 3983 905 4034 72.
916 3984 1042 4052 merdoso,
1055 3998 1167 4037 remoue.
1179 3983 1311 4050 stupeum.
1345 3984 1388 4034 74.
1409 3987 1475 4050 pre-t

292 4080 352 4131 mut.
390 4073 431 4126 76,
450 4089 506 4143 nec,
526 4088 565 4128 rte.
603 4075 645 4124 il.
661 4075 771 4142 pauisse,
784 4073 912 4125 dormisse.
933 4071 1045 4140 Scaliger
1066 4073 1161 4140 mpidos
1176 4073 1271 4140 pinpur'.
1309 4070 1475 4140 recupare

292 4167 416 4238 quartum
456 4163 497 4216 79.
512 4177 597 4234 rupae.
616 4161 737 4229 depraeca.
756 4159 864 4230 Pinzger
882 4162 959 4229 eistat,
979 4163 1104 4214 inuentus.
