3300 4975
316 393 346 460 ll

316 576 354 641 de
375 580 439 641 arte
461 577 560 641 critica
580 576 610 639 in
632 580 720 658 poeta
738 580 840 641 nostro
855 573 1020 640 adhibenda
1035 570 1197 639 rectissimo
1211 572 1350 641 iudicarit
1365 579 1394 639 et
1407 593 1449 658 qu

315 678 424 743 iamdiu
445 681 530 744 unice
551 695 652 743 reram
674 676 764 743 habui
784 681 862 744 viam
884 680 957 742 55115
979 679 1156 742 monstravit.
1188 676 1256 759 lpse
1277 680 1308 742 in
1328 679 1427 743 Persii
1443 698 1472 744 sa

313 785 376 847 tiris
398 781 588 847 recensendis
609 784 649 846 ita
671 788 805 846 versatus
828 798 904 864 sum,
926 787 957 844 ut
979 778 1111 845 codicum
1134 782 1306 845 auctoritate
1321 789 1402 846 recte
1418 778 1479 865 pen'

314 888 402 951 sitata
427 889 501 951 inter
528 889 627 952 varias
648 887 789 949 lectiones
810 884 918 948 idonea
939 883 1080 948 librorum
1102 881 1158 946 fido
1181 898 1240 951 non
1262 873 1420 950 destitutas
1444 796 1479 953 et]

314 989 466 1074 eligerem,
489 1007 566 1072 quae
587 997 616 1054 51
637 990 799 1053 5551551155
822 994 851 1051 51
868 986 1007 1068 loquendi
1022 990 1089 1051 usui
1102 986 1354 1053 accomodatiores
1370 996 1401 1053 et
1417 1008 1471 1071 qua

217 1134 219 1138 -
312 1108 377 1156 rum
400 1092 572 1174 depravatio
594 1089 774 1172 probabilior
795 1089 950 1154 uideretur.
992 1089 1217 1172 Nonnumquam
1239 1108 1316 1156 nova
1338 1093 1470 1174 interpun

314 1194 403 1276 gendi
423 1198 536 1259 ratione
558 1195 640 1257 locos
662 1194 825 1257 restituisse
848 1193 917 1255 mibi
938 1190 1053 1274 videor3
1077 1194 1285 1257 aconiecturis
1301 1196 1422 1258 omnino

313 1300 410 1382 stinui,
433 1305 479 1362 set
500 1299 628 1362 uirorum
643 1296 793 1361 doctorum
816 1297 969 1359 conamina
991 1295 1062 1359 solis
1085 1303 1237 1359 auctorum
1253 1296 1454 1360 nominibusa

313 1399 379 1464 ditis
401 1400 487 1464 simul
510 1417 575 1463 oum
597 1402 686 1464 variis
708 1398 883 1463 lectionibus
906 1398 1028 1462 subieci.
1073 1398 1231 1463 Praeterea
1253 1399 1337 1465 locos
1364 1399 1469 1481 diligen

311 1505 424 1567 tissima
445 1519 516 1567 oura
539 1510 698 1584 congestos
722 1500 862 1583 indicavi,
890 1518 965 1582 quos
986 1501 1106 1592 Persius
1129 1503 1254 1566 imitatus
1276 1508 1322 1566 est
1343 1510 1396 1567 aut
1418 1521 1477 1585 quo

312 1622 376 1669 rum
398 1608 617 1687 comparatione
638 1606 726 1669 155115
752 1606 929 1689 explicatur,
960 1622 1048 1687 quem
1076 1605 1207 1669 locorum
1239 1606 1377 1671 similium
1411 1626 1444 1671 us

313 1709 464 1789 egregium
487 1707 657 1791 editionum,
681 1724 758 1789 quae
779 1707 890 1771 sobolis
914 1706 1090 1771 academicis
1112 1714 1261 1793 parantur,
1284 1709 1443 1775 adminicnl

313 1827 381 1874 5555
404 1810 537 1876 arbitror.
580 1812 694 1875 Nexum
724 1814 932 1875 sententiarum
962 1813 1129 1875 summariis
1152 1813 1304 1895 explicavi.
1349 1816 1462 1897 Deniqu

313 1931 371 1995 quo
392 1921 499 1995 poetae
524 1915 606 1978 color
627 1931 686 1978 555
717 1916 803 1996 quasi
824 1916 951 1995 imagine
985 1913 1092 1976 clarior
1113 1922 1284 1999 appareret,
1319 1919 1452 1982 translati

309 2033 379 2079 nem
401 2020 599 2099 germanicam
614 2019 672 2079 iam
685 2024 752 2079 ante
769 2017 824 2080 bos
841 2033 896 2081 serr
911 2033 1003 2080 annos
1018 2022 1164 2101 tentatam,
1187 2020 1403 2099 posterioribus
1416 2039 1448 2085 cu
1463 2022 1467 2033 '

309 2137 401 2201 saepe
423 2121 551 2184 limatam
572 2121 641 2183 baut
662 2117 851 2183 omittendam
873 2121 980 2200 putavi.
1023 2118 1056 2181 ln
1076 2119 1217 2199 prosodia
1238 2124 1411 2203 germanica
1430 2126 1463 2186 mi

309 2225 387 2287 nime
409 2241 533 2288 severas
554 2224 620 2287 illas
643 2223 741 2306 leges,
771 2221 878 2303 quibus
907 2222 1014 2286 multae
1045 2222 1132 2286 bodie
1161 2225 1369 2290 translationes
1400 2226 1476 2290 durae

312 2333 341 2389 51
361 2328 487 2410 rigidae,
515 2328 611 2390 malae
633 2328 791 2407 legentium
814 2343 918 2391 cruces
939 2327 1024 2410 liunt,
1054 2327 1123 2390 mibi
1153 2328 1319 2393 servandas
1349 2330 1471 2393 constitui

311 2437 357 2496 set
378 2432 570 2496 immoderata
591 2432 708 2495 licentia
730 2434 846 2496 omnino
865 2433 974 2495 reiecta
999 2439 1031 2496 51
1047 2447 1151 2496 versus
1167 2429 1306 2517 linerent,
1330 2448 1403 2497 neue
1424 2431 1476 2494 lin-

312 2551 389 2615 guae
411 2541 531 2598 naturae
553 2542 762 2619 repugnarent,
793 2553 868 2600 neue
894 2543 1034 2601 consueta
1062 2533 1274 2616 pronunciandi
1306 2539 1381 2600 ratio
1416 2534 1470 2600 male

311 2636 359 2700 bio
390 2638 629 2723 distorqueretur,
660 2657 763 2704 curare
785 2639 891 2704 studui.
935 2641 1125 2704 Trocbaicam
1157 2639 1233 2700 tertii
1266 2637 1350 2719 pedis
1382 2652 1475 2702 55555·

308 2757 384 2824 ram,
415 2759 474 2823 qua
495 2745 540 2806 515
561 2760 699 2807 versuum
720 2744 896 2826 infringitur,
925 2743 987 2806 1555
1015 2741 1155 2806 nonnisi
1180 2739 1238 2803 illis
1267 2739 1353 2822 locis,
1384 2738 1453 2821 quib

309 2841 430 2907 Persius
454 2860 490 2907 ea
510 2862 581 2908 5555
604 2851 660 2927 551,
684 2844 803 2908 admisi:
827 2846 876 2908 vix
899 2842 956 2907 dici
977 2851 1086 2928 potest,
1109 2850 1248 2925 quantum
1271 2840 1467 2906 commodaill

310 2961 436 3010 caesura
457 2948 642 3027 germanicae
658 2945 873 3026 translationes,
898 2942 1003 3024 quibus
1026 2947 1130 3006 merita
1152 2962 1207 3008 sua
1229 2945 1296 3009 haut
1317 2943 1462 3025 derogo*

309 3064 386 3110 nunc
408 3065 526 3130 quoque
547 3047 688 3111 laborent.
735 3047 778 3111 Ci.
799 3049 988 3111 summarium
1021 3048 1130 3110 satirae
1152 3047 1199 3110 Vl.
1244 3046 1377 3112 Cetemm
1402 3051 1467 3130 quis

311 3167 368 3231 que
391 3152 478 3215 laeile
500 3152 641 3233 intelliget
662 3168 709 3214 me
731 3151 840 3232 ubique
863 3160 980 3233 poetam
1004 3150 1222 3215 accuratissime
1247 3152 1413 3233 exprimere
1436 3166 1468 3213 vo

309 3253 402 3316 luisse
436 3261 476 3336 51,
509 3270 546 3316 55
569 3253 725 3317 Ρ55515555
758 3255 841 3317 55155
862 3256 982 3339 periret,
1017 3255 1118 3337 multa,
1152 3253 1310 3335 inquibus
1341 3252 1469 3318 offender

309 3358 417 3440 possis,
440 3374 478 3420 err
500 3356 641 3419 industria
661 3359 821 3437 recepisse.
867 3358 962 3420 Vitam
978 3356 1072 3420 Persii
1093 3357 1168 3418 55115
1192 3358 1300 3420 55111515
1323 3357 1459 3420 155155515

309 3461 458 3540 praemisi.
502 3461 637 3522 Veterem
660 3457 899 3539 orthographiam
923 3459 1143 3539 inscriptionum
1178 3466 1207 3522 51
1228 3463 1428 3525 vetustissimo

310 3562 441 3627 codicum
476 3581 623 3627 consensu
644 3561 875 3644 comprobatam,
910 3559 946 3623 de
970 3578 1028 3642 qua
1049 3549 1189 3626 Mathiam
1215 3563 1370 3650 Hoohium,
1400 3568 1444 3631 vir

310 3661 516 3746 doctissimum,
539 3665 659 3730 uberius
682 3673 711 3728 et
725 3665 831 3747 verius,
855 3681 942 3744 quam
957 3663 1052 3727 adbuc
1075 3665 1251 3750 factumest,
1278 3667 1461 3751 disputatum

310 3784 377 3831 5555
390 3785 553 3851 speramus,
576 3786 663 3849 quam
678 3769 805 3831 maxime
820 3769 939 3830 restitui.
976 3767 1103 3831 Prodeat
1118 3773 1205 3852 igitur
1216 3770 1294 3835 bona
1310 3775 1358 3836 avi
1373 3774 1456 3836 Persi

309 3874 340 3934 in
373 3872 590 3936 academiarum
624 3889 709 3936 usum
741 3874 911 3954 instructus,
943 3878 974 3935 ut
1001 3872 1148 3953 quondam
1174 3873 1265 3937 Reirii
1300 3882 1329 3939 51
1358 3873 1475 3942 Passcu'

311 3973 461 4058 editiones,
484 3973 590 4056 quibus
611 3976 682 4039 viris
703 3991 751 4038 me
772 3974 863 4039 multo
883 3975 1049 4040 interiorem
1080 3993 1147 4043 esse
1168 3977 1262 4060 probe
1284 3980 1356 4043 scio.

1462 2940 1475 3028 fid

381 4182 410 4248 *J
429 4181 543 4249 Optimae
555 4184 672 4235 videnlur
685 4184 837 4239 Passoviana
859 4195 885 4239 et
897 4188 1055 4251 Weberiana,
1074 4203 1177 4256 quarum
1197 4189 1260 4240 haec
1281 4189 1382 4257 quidem
1395 4169 1477 4240 seue¹

309 4270 358 4321 illis
376 4271 565 4339 regulisdurior
583 4274 648 4324 lacta
668 4282 715 4337 551,
737 4275 907 4326 infelicissima
925 4275 1096 4338 Hautbaliana‚
1116 4279 1165 4327 oris
1184 4277 1330 4343 auriumque
1349 4279 1474 4342 pernicies

309 4362 451 4424 nuperrima
463 4359 566 4412 Duehrir
585 4363 657 4413 nimis
675 4379 741 4432 vaga
760 4372 799 4416 551
816 4367 885 4416 etin
904 4365 1023 4432 prosodia
1042 4372 1068 4416 51
1084 4366 1188 4416 metrica
1205 4365 1302 4415 ratione
1321 4365 1428 4418 multum
1447 4368 1465 4418 s'

311 4447 435 4499 concedit.

808 4577 989 4604 annuo-..-
