3300 4975
730 377 747 401 .·
782 348 972 407 muli·

386 536 435 601 An
455 536 611 619 qumquam
632 539 679 601 est
699 534 775 601 alius
795 535 879 620 liber,
901 537 957 601 nisi
979 536 1090 627 ducere
1107 536 1197 604 dmm

388 656 445 722 Cni
466 657 542 739 licet
562 661 595 720 nt
614 656 732 721 voluit?
753 656 842 740 Lioct,
858 662 895 721 'ut
916 656 994 740 volo,
1014 658 1130 721 vivere:
1152 672 1211 721 non
1232 674 1298 725 snm

385 776 519 841 Liberior
538 776 653 839 Bmto?
674 774 816 839 Mendose
840 775 964 859 colligis,
985 777 1077 859 inquit

385 895 501 961 Stoicus
523 896 571 959 bic
593 912 694 960 aurem
716 896 847 961 mordaci
869 896 947 962 lotus
969 905 1065 963 aceto.

385 1017 468 1080 Maec
487 1016 602 1098 reliqna
624 1016 753 1097 accipio,
775 1016 843 1079 licet
864 1015 936 1080 illud
960 1023 988 1082 et
1010 1022 1042 1081 ut
1062 1020 1128 1083 nolo
1153 1020 1237 1085 tollel

385 1134 519 1200 Vindicta
541 1140 697 1215 postquam
719 1149 804 1200 meus
827 1149 845 1196 a
867 1141 1007 1215 praetore
1030 1138 1151 1221 recessi,

386 1253 445 1319 Cur
465 1255 536 1319 mihi
556 1271 615 1317 non
636 1254 731 1337 liceat,
751 1255 839 1318 iussit
859 1254 1054 1337 quodcunque
1076 1257 1219 1343 voluntas,

385 1376 518 1457 Excepto
539 1377 566 1439 si
588 1373 658 1455 qnid
679 1374 791 1438 Masuri
813 1372 932 1438 rubrica
953 1376 1082 1438 vetavit?

383 1494 484 1577 Disce,
504 1499 550 1556 set
571 1493 617 1555 ira
639 1492 725 1557 cadat
745 1510 820 1558 naso
842 1510 1013 1577 mgosaqne
1034 1512 1136 1580 sanna,

384 1613 461 1677 Dum
482 1617 599 1677 veteres
621 1613 705 1677 avias
725 1612 777 1676 tibi
800 1612 837 1677 de
859 1614 998 1697 pulmone
1020 1614 1149 1678 revello!

384 1730 451 1797 Non
471 1734 617 1815 praetoris
638 1738 702 1796 erat
722 1732 816 1797 stultis
840 1732 911 1797 dare
933 1734 1032 1797 tenuia
1053 1749 1151 1799 rernm

385 1850 490 1918 Officia
510 1859 600 1934 atque
620 1870 706 1917 nsum
728 1851 850 1934 rapidae
872 1854 1041 1935 permittere
1061 1854 1151 1917 uitae:

385 1970 563 2037 Sambncam
584 1973 670 2037 citius
692 1972 790 2036 caloni
811 1973 961 2052 aptaveris
983 1972 1050 2035 alto.

385 2092 450 2157 Stat
470 2097 572 2156 contra
593 2092 678 2155 Ratio
701 2096 729 2154 et
750 2094 896 2153 secretam
917 2089 1012 2170 garrit
1032 2091 1063 2153 in
1084 2103 1195 2173 aurem,

384 2209 430 2274 Ne
449 2210 539 2275 liceat
560 2211 659 2275 iacere
680 2210 719 2293 id,
742 2208 821 2291 quod
844 2210 910 2291 quis
932 2208 1044 2274 vitiabit
1065 2207 1190 2291 agendo.

384 2330 508 2395 Publica
528 2332 578 2395 lex
598 2331 746 2393 bominum
766 2335 930 2410 naturaque
953 2330 1080 2401 continet
1100 2329 1157 2392 boo
1179 2330 1234 2413 ias,

384 2448 424 2514 Ut
444 2453 544 2512 teneat
563 2450 669 2513 uetitos
682 2448 797 2513 inscitia
819 2445 923 2510 debilis
945 2452 1037 2512 actus.

384 2567 480 2631 Dilnis
502 2567 665 2632 ellebonrm
687 2573 767 2632 certo
790 2581 981 2648 compescere
1003 2573 1112 2648 puncto

384 2687 510 2752 Nescius
532 2703 665 2772 examen,
687 2690 767 2751 vetat
788 2684 845 2748 hoc
867 2692 972 2750 natura
994 2683 1139 2750 medendi.

383 2804 497 2870 Narem
519 2809 546 2870 si
567 2813 672 2890 poscat
692 2805 750 2870 sibi
771 2812 931 2888 peronatus
953 2811 1052 2870 arator

383 2923 511 2988 Luciieri
532 2923 621 3008 mdis,
644 2925 789 2989 exclamet
808 2925 961 2988 Melicerta
982 2926 1098 3007 perisso

383 3043 520 3109 Frontem
543 3043 579 3107 de
601 3042 699 3108 rebus.
743 3044 808 3109 Tibi
828 3050 909 3110 recto
932 3046 1032 3110 uivere
1054 3043 1114 3107 talo

383 3164 443 3228 Ars
466 3162 545 3229 dedit
565 3171 595 3228 et
617 3165 682 3231 veri
703 3167 855 3247 specimen
877 3165 1051 3250 dignoscere
1074 3163 1176 3247 calleS,
1418 3167 1470 3230 105

383 3283 429 3348 Ne
451 3300 511 3366 qua
529 3283 689 3348 subaerato
711 3283 884 3350 mendosum
907 3287 1009 3350 tinniat
1031 3286 1125 3349 auro?

385 3402 528 3486 Quaeque
547 3402 703 3485 sequenda
722 3403 827 3486 iorem,
849 3419 986 3485 quaeque
1009 3403 1145 3471 evitanda
1166 3403 1297 3469 nouam

357 3681 387 3735 V.
406 3683 434 3736 L.
452 3683 496 3737 84.
516 3687 556 3738 cui
573 3685 635 3739 litet.
663 3689 690 3739 ut
706 3685 793 3738 ttoni?
821 3685 876 3738 sim.
923 3683 966 3737 87.
989 3685 1043 3738 boc.
1061 3685 1190 3754 reliquom.
1219 3681 1331 3750 Guyetm
1360 3689 1472 3756 excipio.

283 3771 357 3828 atad.
376 3773 437 3840 licet,
455 3775 482 3826 u!
500 3774 565 3842 colo,
586 3775 672 3826 vivere
690 3773 753 3826 totle.
790 3770 834 3824 89.
853 3773 975 3840 voluptas.
1008 3769 1050 3824 90.
1069 3771 1188 3841 Metauri,
1206 3771 1330 3842 Mansuri,
1348 3772 1473 3842 illorsum,

282 3862 412 3929 Moesico,
430 3861 503 3912 simil.
522 3863 624 3930 notovil,
643 3864 739 3915 octoni.
771 3860 814 3912 92.
834 3876 897 3914 cum.
929 3858 971 3912 93.
986 3861 1040 3912 erit.
1071 3859 1113 3914 96.
1131 3864 1261 3928 senectam,
1280 3864 1381 3914 secreta
1400 3879 1474 3916 arira.

278 3952 379 4024 pannii.
418 3949 462 4001 91.
486 3964 546 4018 oon,
570 3965 624 4003 occ.
645 3955 763 4002 omittitur
782 3951 814 4004 id.
835 3952 935 4019 vitiavit,
955 3951 1054 4003 viliarid.
1092 3950 1195 4014 Spurios
1223 3965 1310 4000 versus
1335 3946 1370 4000 97
1392 3960 1423 4002 et
1444 3951 1474 4004 98

279 4057 342 4097 cese
361 4039 441 4092 voluit
458 4039 563 4108 lloeoig.
605 4039 661 4092 100.
685 4044 762 4093 recto.
801 4040 859 4092 102.
882 4043 975 4094 navim.
1016 4037 1075 4094 103.
1095 4037 1228 4093 exclamat.
1269 4037 1326 4088 105.
1352 4045 1473 4110 speciem,

278 4127 354 4204 quod
373 4143 482 4196 sequens
500 4143 549 4198 qua
567 4127 655 4179 suadet
673 4127 819 4192 (llermann.
838 4128 894 4180 leet.
915 4126 983 4180 Pers.
1002 4129 1023 4180 11
1042 4143 1067 4196 p.
1085 4124 1143 4192 53).
1181 4123 1239 4178 106.
1258 4125 1408 4179 Hanthalius
1432 4129 1473 4182 snb

277 4218 382 4276 aerato.
421 4216 480 4271 107.
498 4230 609 4288 quaeqae
627 4215 736 4286 munda,
755 4219 782 4269 et
797 4230 862 4287 quac
880 4215 990 4270 otton-du.
