3300 4975
453 508 577 593 Pinguis
598 506 782 593 aqualiculus
803 522 953 591 propenso
976 503 1156 589 sesquipede
1174 510 1285 572 extet
1337 556 1351 571 ,,

454 618 480 686 0
502 620 586 705 lane,
607 636 626 686 a
648 627 732 705 tergo
753 636 842 703 quem
863 617 945 685 nulla
968 619 1082 684 ciconia
1103 617 1198 702 pinsit,

451 732 517 798 Nec
536 749 641 797 nuanus
663 731 810 797 auriculas
832 733 939 795 imitari
960 730 1077 795 mobilis
1100 728 1193 813 albas,
1312 775 1315 785 .

451 843 516 910 Nec
536 844 664 926 linguae,
686 850 825 927 quantum
848 844 926 907 sitiat
947 845 1030 908 oanis
1051 842 1179 926 Appula,
1202 846 1310 905 tanne.
1356 870 1359 877 ·
1456 838 1482 903 ot

452 957 524 1042 Vos,
546 971 565 1020 o
586 956 727 1038 patricius
748 956 879 1039 sanguis,
901 971 977 1036 quos
1000 955 1101 1018 viuere
1123 952 1169 1017 ins
1192 956 1237 1016 est

454 1063 579 1148 Ocoipiti
601 1082 701 1149 caeco,
723 1067 857 1147 posticae
879 1067 1023 1131 occurrite
1046 1066 1170 1131 sannaei
1284 1076 1287 1099 ³
1317 1068 1335 1079 ''

455 1175 528 1251 Quis
547 1176 651 1258 populi
671 1192 770 1241 semro
793 1178 865 1241 est?
888 1173 960 1250 Quis
984 1176 1060 1241 enirn
1081 1176 1139 1239 nisi
1161 1174 1290 1239 cumina
1310 1170 1398 1240 molli

451 1286 539 1352 Nunc
561 1285 677 1351 demum
698 1303 821 1353 numero
844 1286 944 1372 tluere,
966 1293 998 1351 ut
1020 1286 1162 1369 perleve
1185 1300 1309 1353 seueros

451 1396 589 1463 Effundat
609 1400 742 1463 iunctura
763 1414 886 1480 ungues.
931 1397 994 1464 Scit
1016 1396 1138 1462 tendere
1160 1388 1278 1463 uersum
1453 1398 1481 1461 65

451 1507 519 1575 Non
540 1525 638 1594 secus,
660 1525 696 1574 ac
716 1512 743 1574 si
764 1507 852 1574 oculo
873 1508 1022 1574 rubricam
1046 1508 1150 1592 dirigat
1172 1526 1247 1574 uno:
1278 1589 1281 1597 ,
1303 1500 1306 1505 ’
1347 1588 1350 1597 Δ

452 1619 523 1685 Siue
545 1636 621 1702 opus
642 1622 672 1685 in
693 1637 801 1705 mores,
823 1623 854 1684 in
874 1619 984 1706 luxum,
1006 1621 1036 1685 in
1062 1618 1185 1705 prandia
1206 1636 1311 1703 regum

451 1730 566 1815 Dicere,
586 1747 637 1797 res
658 1731 788 1815 grandes
810 1740 911 1797 nostro
935 1731 984 1797 dat
1005 1732 1091 1797 Musa
1111 1740 1225 1815 poetae.

450 1842 530 1908 Ecce
551 1841 639 1908 modo
663 1844 770 1909 heroas
793 1861 900 1909 sensus
924 1842 1041 1909 adferre
1063 1842 1197 1909 uidemus

450 1953 564 2037 Nugari
584 1955 688 2020 solitos
710 1972 827 2040 graece
849 1972 906 2020 nec
926 1972 1038 2038 ponere
1062 1955 1160 2020 lucum

450 2065 594 2151 Artifices,
616 2082 673 2132 nec
693 2084 744 2132 rus
766 2075 898 2132 saturum
920 2065 1049 2150 laudare,
1072 2064 1123 2131 ubi
1146 2064 1252 2132 corbes

448 2176 486 2241 Et
507 2178 592 2242 iocus
615 2185 643 2243 et
664 2180 749 2260 porci
770 2186 800 2243 et
820 2179 936 2245 innuosa
957 2177 1063 2243 Palilia
1085 2179 1181 2263 ioeno,

449 2286 535 2353 Unde
557 2288 667 2354 Remus
689 2290 834 2373 sulcoque
855 2297 955 2355 terens
978 2290 1115 2374 dentalia,
1139 2288 1262 2373 Quincti,

449 2396 543 2474 Quem
565 2399 679 2482 trepida
700 2407 768 2465 ante
790 2400 884 2466 boves
907 2400 1080 2466 dictaturam
1102 2400 1194 2465 induit
1215 2417 1299 2487 uxor,

445 2508 483 2576 llt
504 2518 554 2575 tua
577 2520 677 2576 aratra
697 2511 814 2577 donnum
836 2513 921 2578 lictor
942 2513 1006 2578 tulit
1028 2550 1068 2560 -
1091 2529 1176 2598 euge,
1199 2514 1306 2596 poetai
1441 2517 1471 2578 it

447 2619 502 2685 Est
523 2639 609 2707 nnnc,
630 2622 746 2688 Brisaei
768 2640 857 2706 quenr
877 2641 1008 2690 venosus
1030 2624 1106 2689 liber
1126 2625 1194 2710 Atti,

446 2731 528 2818 Sunt,
550 2751 626 2816 quos
648 2735 854 2820 Pacuuiusque
876 2744 905 2801 et
927 2754 1089 2802 verrucosa
1110 2744 1240 2802 monetur

446 2845 575 2926 Antiopa
598 2849 745 2911 aerumnis
768 2865 820 2912 cor
843 2847 1030 2912 luctificabile
1053 2849 1134 2914 iulia

445 2952 509 3019 Hos
530 2959 631 3039 pneris
652 2961 780 3023 monitus
802 2967 903 3041 patres
926 2959 1079 3024 infundere
1102 2960 1199 3042 lippos

446 3064 541 3142 Quom
564 3067 675 3154 uideas,
698 3073 864 3155 quaerisne,
886 3070 963 3136 unde
987 3071 1061 3136 naec
1084 3079 1203 3152 sartago
1217 3064 1357 3149 loquendi
1441 3069 1474 3136 80

446 3179 567 3244 Venerit
588 3185 618 3245 in
639 3162 764 3267 linguas,
785 3182 864 3248 unde
888 3182 966 3248 istud
988 3181 1126 3267 dedecus,
1149 3186 1179 3248 in
1202 3195 1260 3264 quo

445 3289 604 3356 Trossulus
625 3293 737 3358 exulta
759 3293 810 3359 tibi
831 3311 886 3376 per
907 3293 1051 3360 subsellia
1078 3293 1176 3356 levis?

444 3400 530 3466 Ndne
552 3402 642 3485 pudet
663 3407 752 3487 capiti
775 3422 833 3471 non
856 3422 947 3487 posse
970 3403 1103 3486 pericula
1125 3417 1200 3465 cano

443 3508 569 3600 Pellene,
592 3518 662 3599 quin
684 3516 813 3601 tepidum
836 3518 891 3582 lrec
914 3524 1000 3598 optes
1021 3511 1125 3578 audire
1149 3511 1316 3579 decenter?

295 3669 690 3694 —---...........
1476 3639 1477 3696 l

363 3770 392 3823 v.
411 3771 437 3824 L.
467 3771 510 3826 57.
526 3779 643 3844 protento
671 3785 731 3845 apul
755 3776 927 3842 Precianum,
954 3779 1083 3846 proteme.
1122 3773 1164 3831 58.
1191 3776 1281 3846 poenit
1319 3775 1359 3828 59.
1383 3778 1476 3858 imitato,

290 3861 334 3912 eet.
360 3862 432 3914 u'tuu.
469 3862 512 3916 66.
539 3869 649 3922 tantone:
677 3868 773 3919 tuntum
802 3894 835 3904 -
863 3871 989 3937 qrean'um.
1018 3865 1133 3918 Barthius
1164 3869 1253 3920 tentae.
1299 3864 1341 3918 61.
1366 3865 1405 3917 laea
1435 3865 1476 3922 esi

289 3945 333 4000 66.
353 3949 414 4019 quid
429 3952 503 4004 enine
540 3951 583 4004 66.
602 3951 712 4022 effluere.
749 3955 793 4007 65.
811 3957 870 4009 acu.
899 3969 996 4010 varana.
1035 3954 1078 4008 66.
1098 3954 1203 4024 deniqui.
1234 3953 1354 4010 Marcellus
1371 3955 1473 4026 dtrcpol

291 4033 402 4102 Guyetus
420 4042 494 4109 utque
511 4053 536 4092 o.
554 4055 577 4093 r.
596 4041 684 4108 deripis
700 4057 725 4095 u.
762 4043 805 4095 di.
825 4047 851 4098 at
865 4045 983 4113 prandia.
999 4043 1135 4098 Passennus
1148 4059 1190 4113 an,
1213 4044 1321 4112 Pinzger
1331 4054 1373 4095 seu
1387 4045 1475 4124 *¹²¹⁴*

290 4127 315 4176 et
328 4137 368 4191 pr.
399 4123 443 4175 69.
457 4126 558 4179 lernen.
572 4128 665 4180 norton
678 4130 790 4184 ducum.
804 4123 932 4188 docemus.
966 4135 1007 4187 70.
1022 4134 1100 4188 merra.
1133 4134 1175 4185 72.
1189 4132 1293 4186 Parilia.
1328 4128 1366 4182 73·
1384 4129 1475 4194 01666

292 4210 334 4264 ld.
347 4225 411 4264 were.
423 4211 576 4268 dictatorem.
590 4216 704 4270 lleinsiue
714 4223 755 4274 cui
765 4249 798 4260 -
809 4222 964 4293 dictatorum,
977 4225 1045 4294 quod
1055 4239 1142 4276 ren-um
1154 4223 1251 4275 uidetur
1263 4221 1356 4296 denno..
1367 4223 1408 4276 75.

290 4300 337 4366 ceci,
355 4312 421 4351 mm.
459 4298 500 4350 76.
519 4299 611 4371 Brisei,
628 4303 735 4361 Briseis.
753 4309 853 4377 Sauppe
871 4310 969 4367 Briseis
987 4327 1061 4384 quum
1073 4315 1104 4365 et.
1119 4311 1248 4364 Turnebus
1261 4323 1391 4378 naucerus,
1406 4331 1440 4384 qu

289 4387 346 4452 ipae
364 4387 501 4453 improlem
519 4406 646 4445 nonnemo
664 4398 775 4452 vulcam.
809 4398 850 4451 79.
867 4403 951 4470 pueri.
969 4403 1188 4470 moniluepttern'a.
1218 4400 1344 4456 Solatur.
1363 4301 1474 4553 86(νῆ

290 4473 526 4530 aldemannum
544 4479 653 4548 lapideae
671 4484 714 4538 uel
731 4486 859 4544 eredmm.
