3300 4975
301 366 391 436 Π.

781 366 917 425 mlta
929 368 996 425 Vl.
1046 412 1049 419 .

398 551 536 618 Condidit
555 553 655 619 ionio:
676 554 754 618 iacet
774 553 841 635 ipse
862 554 892 617 iu
914 552 1009 617 littore
1032 557 1062 617 et
1082 568 1141 617 uua

398 672 536 753 lugentes
558 671 595 735 de
618 689 716 753 puppo
738 672 794 757 dei,
817 675 935 753 iamque
957 671 1045 735 obvia
1066 672 1178 753 rnergis

399 790 489 856 Costa
509 794 581 856 ratis
603 791 729 857 lacerae.
769 793 855 857 Nunc
877 800 905 857 et
929 792 964 856 de
987 794 1118 874 caespite
1139 792 1207 855 uro

395 910 513 992 Frange
535 910 654 994 aliquid,
677 911 788 992 largire
809 912 898 993 inopi,
920 926 958 972 ue
980 912 1076 991 pictus
1099 908 1217 972 oberret

398 1026 545 1093 Caerulea
566 1030 597 1093 iu
618 1027 733 1093 tabula!
755 1030 808 1093 Sat
830 1044 933 1093 cenam
956 1030 1066 1093 lunaris
1088 1029 1176 1093 heres

396 1146 533 1230 Negliget
553 1150 655 1231 uatus,
676 1147 756 1229 quod
777 1166 840 1212 rern
863 1151 1042 1213 curtaveris:
1064 1162 1157 1211 urnae

397 1263 475 1331 Ossa
497 1265 621 1329 inodora
644 1264 732 1349 dabit,
755 1283 810 1330 seu
831 1268 944 1348 spirent
966 1269 1101 1331 ciunarna
1123 1266 1253 1351 surdum,
1444 1270 1473 1331 ii

395 1386 457 1449 Seu
479 1400 584 1449 ceraso
606 1389 730 1465 peccent
751 1385 861 1465 casiae,
884 1386 1000 1447 nescire
1022 1391 1154 1465 paratus.

395 1506 477 1568 'lune
499 1502 578 1567 bona
600 1504 754 1567 incolumis
776 1502 912 1565 minues?
935 1502 971 1565 Et
991 1500 1109 1566 Bestius
1132 1510 1217 1584 urget

396 1626 540 1688 Doctores
564 1622 683 1689 Graios:
707 1624 750 1687 lta
772 1622 808 1686 snt.
836 1622 996 1705 Postquam
1019 1640 1127 1705 sapere
1149 1622 1223 1686 Urbi

396 1744 469 1809 Cum
491 1747 594 1827 pipere
614 1751 644 1808 et
665 1744 770 1827 palmis
793 1747 873 1808 verrit
893 1752 1024 1809 nostrum
1046 1744 1103 1808 hoo
1125 1746 1216 1808 maris
1241 1761 1358 1829 expers,

394 1863 576 1929 Foeoisecae
598 1880 702 1929 crasso
724 1866 862 1927 vitiarunt
884 1866 1011 1947 unguine
1033 1862 1138 1945 pultes.
1439 1867 1470 1929 tt

394 1984 479 2049 llaec
499 1986 598 2048 oluere
620 1985 741 2049 ulterior
762 1986 899 2049 metuas?
923 1986 962 2049 At
983 1992 1021 2067 tu,
1044 2001 1128 2049 rneus
1150 1983 1238 2049 ireres

274 2196 281 2204 .
395 2100 535 2185 Quisquis
557 2106 624 2187 eris,
646 2104 777 2185 paullum
800 2122 818 2167 a
840 2103 927 2167 turba
949 2104 1097 2169 seductior
1120 2104 1200 2168 audi!

396 2217 420 2283 0
443 2219 529 2304 boue,
552 2237 621 2285 uunn
643 2222 785 2301 ignoras?
808 2220 901 2285 lllssa
924 2228 969 2286 est
992 2238 1010 2285 a
1032 2220 1163 2287 Caesare
1186 2222 1288 2286 lauros

394 2338 542 2421 lusignenr
565 2336 603 2402 ob
629 2337 743 2403 cladem
767 2336 933 2403 Germanae
955 2340 1042 2421 pubis
1066 2348 1095 2405 et
1117 2343 1177 2406 aris

394 2456 530 2539 Frigidus
553 2458 696 2522 excutitur
719 2459 800 2542 cinis,
823 2474 859 2521 ac
881 2458 940 2521 iarn
962 2458 1095 2539 postibus
1118 2476 1209 2544 arua,

394 2578 460 2642 lana
482 2576 655 2656 chlamydes
678 2591 790 2660 regunt,
811 2576 871 2640 iarn
893 2576 974 2640 lutea
996 2594 1134 2660 gausapa
1155 2584 1250 2664 captis

393 2694 569 2776 Essedaque
590 2695 784 2776 ingentesque
805 2695 886 2759 locat
909 2695 1055 2760 Caesonia
1078 2698 1205 2765 lilrenos.

393 2815 447 2877 llis
467 2815 556 2894 igitur
578 2812 731 2894 Genioque
754 2811 839 2877 ducis
861 2821 977 2882 centum
999 2817 1084 2896 paria
1106 2816 1145 2881 ob
1167 2835 1217 2884 nes

392 2934 522 3014 Egregie
544 2939 646 3013 gestas
668 2931 783 2997 induco.
829 2931 902 3006 Quis
924 2936 1023 2999 vetat?
1045 2937 1145 3001 ande!

393 3055 465 3136 lae,
486 3053 543 3116 nisi
566 3055 718 3116 connivesl
741 3049 846 3117 Oleum
869 3061 1080 3138 artocreasque
1104 3060 1223 3141 popello

393 3175 524 3256 Largior.
568 3174 616 3236 An
637 3172 798 3255 prolribesl
819 3173 876 3237 Dic
899 3173 991 3238 clarc!
1014 3175 1079 3241 Non
1103 3178 1188 3264 adeo,
1211 3181 1320 3264 inquis:

392 3296 556 3361 Exossatus
579 3311 652 3376 ager
674 3297 755 3358 iuxta
777 3302 831 3358 est.
875 3294 952 3380 Age,
974 3298 1001 3360 si
1022 3298 1092 3362 milri
1115 3299 1196 3362 nulla

392 3414 460 3478 lam
480 3412 597 3494 reliqua
620 3414 786 3496 excutitis,
808 3416 952 3495 patruelis
974 3418 1062 3500 nulla,
1084 3419 1236 3502 proneptis

393 3534 482 3598 Nulla
503 3540 602 3598 manet
623 3536 728 3617 patrui,
752 3534 861 3598 sterilis
884 3541 1041 3599 matertera
1062 3537 1142 3620 vixit,
1286 3606 1288 3612 ,

392 3652 497 3735 Deque
520 3656 588 3717 avia
610 3653 731 3717 nihilurn
754 3661 908 3736 superest:
931 3653 1044 3719 accedo
1066 3655 1197 3722 Bovillas
1446 3659 1470 3720 lt

395 3779 481 3788 ..ἡ
565 3781 693 3789 ...υ-ι...»-

367 3831 396 3883 V.
415 3831 443 3883 L.
460 3829 502 3883 30.
523 3832 622 3902 lloenig
642 3833 790 3902 squalentes,
819 3847 911 3884 censor
928 3833 1043 3885 Heidelb.
1063 3835 1182 3900 (tepentes.
1209 3847 1325 3904 compete.
1364 3834 1410 3888 32.
1433 3849 1469 3887 nto

294 4005 398 4057 atielie:
420 4006 489 4059 Tune
507 4007 722 4061 demulcationis
739 4010 863 4060 minum?
881 4025 905 4060 v.
924 4007 958 4059 37
979 4017 1021 4060 et:
1040 4010 1109 4062 llaec
1131 4012 1217 4062 ciuem
1238 4011 1345 4064 ulterior
1368 4015 1461 4066 nwiuco

295 3917 338 3970 35.
356 3920 491 3972 iadottoro.
536 3919 580 3971 37.
598 3925 664 3973 lunc.
697 3921 736 3972 Ex
753 3923 885 3990 ingeniosa
904 3921 1003 3972 Sinneri
1033 3931 1059 3973 et
1077 3922 1210 3974 Herrnauni
1238 3923 1385 3988 suspicione
1407 3913 1471 4170 hm]

294 4109 319 4145 v.
338 4093 368 4147 lt
391 4096 577 4161 transponenda
589 4103 654 4147 sunt.
673 4094 831 4150 sordescis.
850 4096 973 4148 dlarcilius
991 4111 1024 4150 etc
1045 4097 1075 4148 B.
1107 4096 1151 4148 39.
1171 4097 1217 4150 dcc
1230 4101 1354 4152 conulem.
1374 4103 1444 4153 casir

294 4181 426 4234 lionaerno
445 4186 527 4244 uenit;
545 4188 661 4237 nostrum
679 4184 733 4251 loc,
752 4187 833 4236 mona
849 4199 944 4252 capere
954 4183 1025 4252 soca.
1056 4177 1098 4237 tul
1118 4188 1143 4238 el
1165 4200 1264 4239 mosao
1301 4187 1345 4241 41.
1362 4190 1421 4256 loc,
1439 4189 1470 4266 iil

294 4285 349 4325 nec.
368 4274 487 4325 mem.
524 4272 568 4326 44.
584 4275 683 4340 puppis.
721 4271 763 4327 46.
788 4275 867 4326 cicae
905 4275 948 4327 tl.
967 4274 1066 4343 lloemg
1084 4274 1203 4340 litemus,
1220 4273 1321 4344 Benace,
1343 4269 1470 4344 ingente

294 4374 341 4431 pne
369 4360 489 4412 llieoom.
540 4360 583 4415 49.
601 4361 693 4413 iudico.
739 4361 783 4414 tl.
809 4361 900 4429 audac,
930 4362 991 4414 icat
1008 4363 1097 4431 audeo,
1125 4377 1179 4415 noa
1206 4363 1289 4432 adio,
1321 4363 1368 4418 doc
1396 4366 1453 4418 ouda

293 4449 450 4502 Britannicus
468 4463 521 4502 aon
539 4452 628 4519 maim,
647 4450 803 4502 lleemannus
828 4465 881 4503 non
898 4450 972 4520 Meo,
1001 4454 1090 4521 iniquia,
1116 4457 1260 4506 caessara.
1279 4451 1430 4507 llautlnalius

229 4563 239 4570 ·
294 4541 363 4594 olore
381 4539 446 4592 icc!
470 4539 559 4593 audeo.
578 4539 739 4593 Acheloidas
756 4555 782 4594 r.
800 4539 841 4594 dic
860 4542 951 4594 omissa
969 4539 1051 4595 audeo
1069 4543 1168 4594 retinet
