<?xml version="1.0" encoding="UTF-8"?>
<!DOCTYPE html PUBLIC "-//W3C//DTD XHTML 1.0 Transitional//EN"
    "http://www.w3.org/TR/xhtml1/DTD/xhtml1-transitional.dtd">
<html xmlns="http://www.w3.org/1999/xhtml" xml:lang="en" lang="en">
 <head>
  <title>
</title>
<meta http-equiv="Content-Type" content="text/html;charset=utf-8" />
  <meta name='ocr-system' content='tesseract 3.04.00' />
  <meta name='ocr-capabilities' content='ocr_page ocr_carea ocr_par ocr_line ocrx_word'/>
</head>
<body>
  <div class='ocr_page' id='page_1' title='image "./satirae00flacgoog_0058.png"; bbox 0 0 3300 4975; ppageno 0'>
   <div class='ocr_carea' id='block_1_1' title="bbox 749 912 1032 1003">
    <p class='ocr_par' dir='ltr' id='par_1_1' title="bbox 749 912 1032 1003">
     <span class='ocr_line' id='line_1_1' title="bbox 749 912 1032 1003; baseline 0 0"><span class='ocrx_word' id='word_1_1' title='bbox 749 913 939 1003; x_wconf 80' lang='lat' dir='ltr'>Satira</span> <span class='ocrx_word' id='word_1_2' title='bbox 963 912 1032 1003; x_wconf 77' lang='lat' dir='ltr'>V.</span> 
     </span>
    </p>
   </div>
   <div class='ocr_carea' id='block_1_2' title="bbox 688 1098 1097 1169">
    <p class='ocr_par' dir='ltr' id='par_1_2' title="bbox 688 1098 1097 1169">
     <span class='ocr_line' id='line_1_2' title="bbox 688 1098 1097 1169; baseline -0.002 -2"><span class='ocrx_word' id='word_1_3' title='bbox 688 1098 1097 1169; x_wconf 88' lang='lat' dir='ltr'>Summarium.</span> 
     </span>
    </p>
   </div>
   <div class='ocr_carea' id='block_1_3' title="bbox 295 1264 1480 4318">
    <p class='ocr_par' dir='ltr' id='par_1_3' title="bbox 295 1264 1480 4318">
     <span class='ocr_line' id='line_1_3' title="bbox 350 1264 1476 1353; baseline 0.002 -22"><span class='ocrx_word' id='word_1_4' title='bbox 350 1303 353 1309; x_wconf 91' lang='lat'>·</span> <span class='ocrx_word' id='word_1_5' title='bbox 388 1264 472 1331; x_wconf 86' lang='lat' dir='ltr'>liaeo</span> <span class='ocrx_word' id='word_1_6' title='bbox 492 1267 584 1334; x_wconf 78' lang='lat' dir='ltr'>sadra</span> <span class='ocrx_word' id='word_1_7' title='bbox 614 1265 653 1330; x_wconf 90' lang='lat' dir='ltr'>ad</span> <span class='ocrx_word' id='word_1_8' title='bbox 680 1265 712 1331; x_wconf 90' lang='lat' dir='ltr'>L.</span> <span class='ocrx_word' id='word_1_9' title='bbox 734 1268 889 1335; x_wconf 76' lang='lat' dir='ltr'>Annaeum</span> <span class='ocrx_word' id='word_1_10' title='bbox 912 1268 1071 1335; x_wconf 90' lang='lat' dir='ltr'>Comutum</span> <span class='ocrx_word' id='word_1_11' title='bbox 1093 1269 1239 1353; x_wconf 87' lang='lat' dir='ltr'>Stoicum,</span> <span class='ocrx_word' id='word_1_12' title='bbox 1271 1268 1367 1335; x_wconf 91' lang='lat' dir='ltr'>Persii</span> <span class='ocrx_word' id='word_1_13' title='bbox 1387 1286 1476 1353; x_wconf 89' lang='lat' dir='ltr'>prae·</span> 
     </span>
     <span class='ocr_line' id='line_1_4' title="bbox 299 1369 1475 1457; baseline 0.001 -21"><span class='ocrx_word' id='word_1_14' title='bbox 299 1375 450 1451; x_wconf 79' lang='lat' dir='ltr'>captorem</span> <span class='ocrx_word' id='word_1_15' title='bbox 471 1374 502 1431; x_wconf 91' lang='lat' dir='ltr'>et</span> <span class='ocrx_word' id='word_1_16' title='bbox 522 1369 656 1451; x_wconf 82' lang='lat' dir='ltr'>amicum</span> <span class='ocrx_word' id='word_1_17' title='bbox 684 1372 795 1453; x_wconf 83' lang='lat' dir='ltr'>scripta</span> <span class='ocrx_word' id='word_1_18' title='bbox 817 1380 871 1455; x_wconf 85' lang='lat' dir='ltr'>est,</span> <span class='ocrx_word' id='word_1_19' title='bbox 894 1373 933 1437; x_wconf 91' lang='lat' dir='ltr'>de</span> <span class='ocrx_word' id='word_1_20' title='bbox 955 1391 1015 1455; x_wconf 85' lang='lat' dir='ltr'>quo</span> <span class='ocrx_word' id='word_1_21' title='bbox 1036 1380 1154 1457; x_wconf 90' lang='lat' dir='ltr'>praeter</span> <span class='ocrx_word' id='word_1_22' title='bbox 1176 1371 1271 1437; x_wconf 89' lang='lat' dir='ltr'>Persii</span> <span class='ocrx_word' id='word_1_23' title='bbox 1294 1374 1384 1437; x_wconf 88' lang='lat' dir='ltr'>vitam</span> <span class='ocrx_word' id='word_1_24' title='bbox 1407 1390 1475 1437; x_wconf 92' lang='lat' dir='ltr'>con-</span> 
     </span>
     <span class='ocr_line' id='line_1_5' title="bbox 298 1471 1474 1556; baseline -0.003 -15"><span class='ocrx_word' id='word_1_25' title='bbox 298 1471 650 1554; x_wconf 71' lang='lat' dir='ltr'>dracunculum</span> <span class='ocrx_word' id='word_1_26' title='bbox 673 1479 709 1555; x_wconf 85' lang='lat' dir='ltr'>et,</span> <span class='ocrx_word' id='word_1_27' title='bbox 746 1492 835 1556; x_wconf 86' lang='lat' dir='ltr'>quam</span> <span class='ocrx_word' id='word_1_28' title='bbox 858 1475 923 1540; x_wconf 88' lang='lat' dir='ltr'>Ger.</span> <span class='ocrx_word' id='word_1_29' title='bbox 946 1476 1077 1541; x_wconf 89' lang='lat' dir='ltr'>loannes</span> <span class='ocrx_word' id='word_1_30' title='bbox 1100 1474 1137 1538; x_wconf 96' lang='lat' dir='ltr'>de</span> <span class='ocrx_word' id='word_1_31' title='bbox 1159 1476 1275 1538; x_wconf 89' lang='lat' dir='ltr'>lllartini</span> <span class='ocrx_word' id='word_1_32' title='bbox 1296 1492 1373 1538; x_wconf 90' lang='lat' dir='ltr'>anno</span> <span class='ocrx_word' id='word_1_33' title='bbox 1398 1476 1474 1539; x_wconf 79' lang='grc'>1825</span> 
     </span>
     <span class='ocr_line' id='line_1_6' title="bbox 295 1573 1475 1659; baseline 0.001 -21"><span class='ocrx_word' id='word_1_34' title='bbox 295 1574 431 1655; x_wconf 79' lang='lat' dir='ltr'>Lugduni</span> <span class='ocrx_word' id='word_1_35' title='bbox 444 1573 622 1638; x_wconf 84' lang='lat' dir='ltr'>Batavorum</span> <span class='ocrx_word' id='word_1_36' title='bbox 637 1573 735 1659; x_wconf 61' lang='lat' dir='ltr'>edidit,</span> <span class='ocrx_word' id='word_1_37' title='bbox 750 1576 907 1658; x_wconf 87' lang='lat' dir='ltr'>disputatio</span> <span class='ocrx_word' id='word_1_38' title='bbox 923 1577 959 1643; x_wconf 91' lang='lat' dir='ltr'>de</span> <span class='ocrx_word' id='word_1_39' title='bbox 970 1578 1002 1642; x_wconf 93' lang='lat' dir='ltr'>L.</span> <span class='ocrx_word' id='word_1_40' title='bbox 1014 1578 1140 1643; x_wconf 84' lang='lat' dir='ltr'>Annaeo</span> <span class='ocrx_word' id='word_1_41' title='bbox 1158 1574 1287 1641; x_wconf 85' lang='lat' dir='ltr'>Cornuto</span> <span class='ocrx_word' id='word_1_42' title='bbox 1303 1576 1475 1658; x_wconf 87' lang='lat' dir='ltr'>philosopho</span> 
     </span>
     <span class='ocr_line' id='line_1_7' title="bbox 295 1674 1475 1760; baseline 0.001 -20"><span class='ocrx_word' id='word_1_43' title='bbox 295 1678 404 1757; x_wconf 61' lang='lat' dir='ltr'>stoico„</span> <span class='ocrx_word' id='word_1_44' title='bbox 440 1674 527 1742; x_wconf 80' lang='lat' dir='ltr'>nude</span> <span class='ocrx_word' id='word_1_45' title='bbox 550 1674 581 1741; x_wconf 87' lang='lat' dir='ltr'>C.</span> <span class='ocrx_word' id='word_1_46' title='bbox 603 1676 648 1743; x_wconf 81' lang='lat' dir='ltr'>lr.</span> <span class='ocrx_word' id='word_1_47' title='bbox 670 1678 832 1744; x_wconf 86' lang='lat' dir='ltr'>Hermanni</span> <span class='ocrx_word' id='word_1_48' title='bbox 863 1680 1006 1745; x_wconf 91' lang='lat' dir='ltr'>lectiones</span> <span class='ocrx_word' id='word_1_49' title='bbox 1028 1680 1184 1744; x_wconf 83' lang='lat' dir='ltr'>Persianas</span> <span class='ocrx_word' id='word_1_50' title='bbox 1197 1676 1219 1749; x_wconf 71' lang='lat' dir='ltr'>‚l</span> <span class='ocrx_word' id='word_1_51' title='bbox 1257 1696 1285 1759; x_wconf 90' lang='lat' dir='ltr'>p.</span> <span class='ocrx_word' id='word_1_52' title='bbox 1310 1679 1348 1743; x_wconf 91' lang='grc'>12</span> <span class='ocrx_word' id='word_1_53' title='bbox 1372 1696 1418 1760; x_wconf 90' lang='lat' dir='ltr'>sq.</span> <span class='ocrx_word' id='word_1_54' title='bbox 1454 1686 1475 1741; x_wconf 87' lang='lat' dir='ltr'>ot</span> 
     </span>
     <span class='ocr_line' id='line_1_8' title="bbox 295 1777 1474 1864; baseline 0.002 -23"><span class='ocrx_word' id='word_1_55' title='bbox 295 1777 383 1843; x_wconf 87' lang='lat' dir='ltr'>lalrni</span> <span class='ocrx_word' id='word_1_56' title='bbox 403 1778 539 1860; x_wconf 80' lang='lat' dir='ltr'>Prolegg.</span> <span class='ocrx_word' id='word_1_57' title='bbox 561 1796 590 1861; x_wconf 88' lang='lat' dir='ltr'>p.</span> <span class='ocrx_word' id='word_1_58' title='bbox 606 1778 669 1843; x_wconf 82' lang='lat' dir='ltr'>vill</span> <span class='ocrx_word' id='word_1_59' title='bbox 690 1798 756 1862; x_wconf 80' lang='lat' dir='ltr'>sqq.</span> <span class='ocrx_word' id='word_1_60' title='bbox 801 1779 885 1856; x_wconf 82' lang='lat' dir='ltr'>Quae</span> <span class='ocrx_word' id='word_1_61' title='bbox 907 1784 937 1846; x_wconf 92' lang='lat' dir='ltr'>lu</span> <span class='ocrx_word' id='word_1_62' title='bbox 951 1781 1096 1864; x_wconf 82' lang='lat' dir='ltr'>Fulgentii</span> <span class='ocrx_word' id='word_1_63' title='bbox 1111 1779 1279 1845; x_wconf 85' lang='lat' dir='ltr'>Planciadis</span> <span class='ocrx_word' id='word_1_64' title='bbox 1295 1782 1474 1861; x_wconf 81' lang='lat' dir='ltr'>expositione</span> 
     </span>
     <span class='ocr_line' id='line_1_9' title="bbox 296 1881 1473 1965; baseline 0.002 -22"><span class='ocrx_word' id='word_1_65' title='bbox 296 1896 464 1945; x_wconf 82' lang='lat' dir='ltr'>sermonum</span> <span class='ocrx_word' id='word_1_66' title='bbox 485 1882 670 1962; x_wconf 89' lang='lat' dir='ltr'>antiquorum</span> <span class='ocrx_word' id='word_1_67' title='bbox 693 1889 937 1947; x_wconf 77' lang='lat' dir='ltr'>commemoratur</span> <span class='ocrx_word' id='word_1_68' title='bbox 953 1882 1072 1947; x_wconf 87' lang='lat' dir='ltr'>Cornuti</span> <span class='ocrx_word' id='word_1_69' title='bbox 1095 1885 1195 1965; x_wconf 87' lang='lat' dir='ltr'>sotira,</span> <span class='ocrx_word' id='word_1_70' title='bbox 1218 1881 1473 1947; x_wconf 84' lang='lat' dir='ltr'>emendacissimo</span> 
     </span>
     <span class='ocr_line' id='line_1_10' title="bbox 296 1982 1474 2069; baseline 0.001 -21"><span class='ocrx_word' id='word_1_71' title='bbox 296 1983 374 2054; x_wconf 72' lang='lat' dir='ltr'>ilius</span> <span class='ocrx_word' id='word_1_72' title='bbox 394 1982 487 2047; x_wconf 82' lang='lat' dir='ltr'>libelli</span> <span class='ocrx_word' id='word_1_73' title='bbox 509 1990 630 2048; x_wconf 87' lang='lat' dir='ltr'>auclore</span> <span class='ocrx_word' id='word_1_74' title='bbox 651 1983 718 2049; x_wconf 86' lang='lat' dir='ltr'>licta</span> <span class='ocrx_word' id='word_1_75' title='bbox 741 1993 794 2068; x_wconf 83' lang='lat' dir='ltr'>est,</span> <span class='ocrx_word' id='word_1_76' title='bbox 817 1984 855 2049; x_wconf 94' lang='lat' dir='ltr'>de</span> <span class='ocrx_word' id='word_1_77' title='bbox 878 1987 961 2049; x_wconf 90' lang='lat' dir='ltr'>cuius</span> <span class='ocrx_word' id='word_1_78' title='bbox 983 1983 1049 2068; x_wconf 84' lang='lat' dir='ltr'>lide,</span> <span class='ocrx_word' id='word_1_79' title='bbox 1083 1993 1115 2049; x_wconf 88' lang='lat' dir='ltr'>nt</span> <span class='ocrx_word' id='word_1_80' title='bbox 1136 1986 1211 2049; x_wconf 90' lang='lat' dir='ltr'>alios</span> <span class='ocrx_word' id='word_1_81' title='bbox 1233 1987 1355 2069; x_wconf 87' lang='lat' dir='ltr'>millam,</span> <span class='ocrx_word' id='word_1_82' title='bbox 1377 1988 1474 2051; x_wconf 90' lang='lat' dir='ltr'>conle-</span> 
     </span>
     <span class='ocr_line' id='line_1_11' title="bbox 295 2077 1473 2171; baseline 0.002 -22"><span class='ocrx_word' id='word_1_83' title='bbox 295 2091 396 2151; x_wconf 90' lang='lat' dir='ltr'>ranlur</span> <span class='ocrx_word' id='word_1_84' title='bbox 417 2077 504 2149; x_wconf 80' lang='lat' dir='ltr'>lnlrni</span> <span class='ocrx_word' id='word_1_85' title='bbox 526 2084 664 2167; x_wconf 84' lang='lat' dir='ltr'>Prolegg.</span> <span class='ocrx_word' id='word_1_86' title='bbox 696 2104 724 2168; x_wconf 85' lang='lat' dir='ltr'>p.</span> <span class='ocrx_word' id='word_1_87' title='bbox 746 2084 843 2149; x_wconf 86' lang='lat' dir='ltr'>XXlll</span> <span class='ocrx_word' id='word_1_88' title='bbox 864 2104 929 2169; x_wconf 85' lang='lat' dir='ltr'>sqq.</span> <span class='ocrx_word' id='word_1_89' title='bbox 963 2094 991 2151; x_wconf 91' lang='lat' dir='ltr'>et</span> <span class='ocrx_word' id='word_1_90' title='bbox 1016 2090 1175 2152; x_wconf 86' lang='lat' dir='ltr'>nouissima</span> <span class='ocrx_word' id='word_1_91' title='bbox 1210 2086 1356 2171; x_wconf 79' lang='lat' dir='ltr'>Fulgentii</span> <span class='ocrx_word' id='word_1_92' title='bbox 1385 2085 1473 2171; x_wconf 77' lang='lat' dir='ltr'>editio,</span> 
     </span>
     <span class='ocr_line' id='line_1_12' title="bbox 297 2187 1473 2272; baseline 0.002 -21"><span class='ocrx_word' id='word_1_93' title='bbox 297 2204 386 2270; x_wconf 81' lang='lat' dir='ltr'>quam</span> <span class='ocrx_word' id='word_1_94' title='bbox 411 2187 578 2270; x_wconf 88' lang='lat' dir='ltr'>Lersclrius‚</span> <span class='ocrx_word' id='word_1_95' title='bbox 606 2195 760 2251; x_wconf 88' lang='lat' dir='ltr'>accusator</span> <span class='ocrx_word' id='word_1_96' title='bbox 783 2190 846 2252; x_wconf 91' lang='lat' dir='ltr'>eius</span> <span class='ocrx_word' id='word_1_97' title='bbox 870 2190 1037 2272; x_wconf 83' lang='lat' dir='ltr'>acerrimus,</span> <span class='ocrx_word' id='word_1_98' title='bbox 1060 2190 1183 2271; x_wconf 88' lang='lat' dir='ltr'>paravit.</span> <span class='ocrx_word' id='word_1_99' title='bbox 1222 2188 1296 2252; x_wconf 91' lang='lat' dir='ltr'>Vide</span> <span class='ocrx_word' id='word_1_100' title='bbox 1324 2206 1400 2271; x_wconf 87' lang='lat' dir='ltr'>quae</span> <span class='ocrx_word' id='word_1_101' title='bbox 1423 2190 1473 2253; x_wconf 80' lang='lat' dir='ltr'>diii</span> 
     </span>
     <span class='ocr_line' id='line_1_13' title="bbox 297 2288 1473 2370; baseline 0.002 -17"><span class='ocrx_word' id='word_1_102' title='bbox 297 2290 336 2354; x_wconf 89' lang='lat' dir='ltr'>ad</span> <span class='ocrx_word' id='word_1_103' title='bbox 371 2290 485 2354; x_wconf 76' lang='lat' dir='ltr'>Horatii</span> <span class='ocrx_word' id='word_1_104' title='bbox 514 2291 621 2353; x_wconf 89' lang='lat' dir='ltr'>satiras</span> <span class='ocrx_word' id='word_1_105' title='bbox 655 2306 683 2370; x_wconf 91' lang='lat' dir='ltr'>p.</span> <span class='ocrx_word' id='word_1_106' title='bbox 706 2289 742 2353; x_wconf 89' lang='grc'>21</span> <span class='ocrx_word' id='word_1_107' title='bbox 781 2296 810 2353; x_wconf 90' lang='lat' dir='ltr'>et</span> <span class='ocrx_word' id='word_1_108' title='bbox 842 2292 1031 2353; x_wconf 90' lang='lat' dir='ltr'>summarium</span> <span class='ocrx_word' id='word_1_109' title='bbox 1064 2298 1121 2355; x_wconf 86' lang='lat' dir='ltr'>sat</span> <span class='ocrx_word' id='word_1_110' title='bbox 1141 2290 1187 2353; x_wconf 88' lang='lat' dir='ltr'>vl.</span> <span class='ocrx_word' id='word_1_111' title='bbox 1244 2288 1330 2354; x_wconf 90' lang='lat' dir='ltr'>lnitio</span> <span class='ocrx_word' id='word_1_112' title='bbox 1362 2290 1473 2355; x_wconf 82' lang='lat' dir='ltr'>Persius</span> 
     </span>
     <span class='ocr_line' id='line_1_14' title="bbox 297 2382 1480 2475; baseline -0.003 -17"><span class='ocrx_word' id='word_1_113' title='bbox 297 2409 444 2458; x_wconf 88' lang='lat' dir='ltr'>summum</span> <span class='ocrx_word' id='word_1_114' title='bbox 466 2409 611 2475; x_wconf 85' lang='lat' dir='ltr'>amorem,</span> <span class='ocrx_word' id='word_1_115' title='bbox 645 2409 704 2474; x_wconf 86' lang='lat' dir='ltr'>quo</span> <span class='ocrx_word' id='word_1_116' title='bbox 728 2391 887 2457; x_wconf 88' lang='lat' dir='ltr'>Cornutum</span> <span class='ocrx_word' id='word_1_117' title='bbox 912 2394 1020 2473; x_wconf 88' lang='lat' dir='ltr'>optime</span> <span class='ocrx_word' id='word_1_118' title='bbox 1044 2391 1080 2456; x_wconf 90' lang='lat' dir='ltr'>de</span> <span class='ocrx_word' id='word_1_119' title='bbox 1104 2409 1138 2456; x_wconf 92' lang='lat' dir='ltr'>se</span> <span class='ocrx_word' id='word_1_120' title='bbox 1161 2394 1295 2457; x_wconf 91' lang='lat' dir='ltr'>meritum</span> <span class='ocrx_word' id='word_1_121' title='bbox 1323 2392 1409 2475; x_wconf 87' lang='lat' dir='ltr'>colat,</span> <span class='ocrx_word' id='word_1_122' title='bbox 1440 2382 1480 2470; x_wconf 58' lang='lat' dir='ltr'>se}</span> 
     </span>
     <span class='ocr_line' id='line_1_15' title="bbox 297 2493 1470 2578; baseline -0.002 -16"><span class='ocrx_word' id='word_1_123' title='bbox 297 2512 356 2568; x_wconf 89' lang='lat' dir='ltr'>uon</span> <span class='ocrx_word' id='word_1_124' title='bbox 377 2498 451 2562; x_wconf 88' lang='lat' dir='ltr'>solis</span> <span class='ocrx_word' id='word_1_125' title='bbox 473 2495 573 2577; x_wconf 92' lang='lat' dir='ltr'>eloqui</span> <span class='ocrx_word' id='word_1_126' title='bbox 595 2511 686 2577; x_wconf 89' lang='lat' dir='ltr'>posse</span> <span class='ocrx_word' id='word_1_127' title='bbox 708 2501 743 2578; x_wconf 84' lang='lat' dir='ltr'>et,</span> <span class='ocrx_word' id='word_1_128' title='bbox 767 2493 837 2574; x_wconf 84' lang='lat' dir='ltr'>quid</span> <span class='ocrx_word' id='word_1_129' title='bbox 858 2496 1045 2576; x_wconf 80' lang='lat' dir='ltr'>praeceptori</span> <span class='ocrx_word' id='word_1_130' title='bbox 1067 2500 1096 2558; x_wconf 92' lang='lat' dir='ltr'>et</span> <span class='ocrx_word' id='word_1_131' title='bbox 1122 2496 1217 2558; x_wconf 86' lang='lat' dir='ltr'>amico</span> <span class='ocrx_word' id='word_1_132' title='bbox 1244 2498 1470 2560; x_wconf 89' lang='lat' dir='ltr'>coniunctissimo</span> 
     </span>
     <span class='ocr_line' id='line_1_16' title="bbox 299 2592 1465 2681; baseline -0.003 -18"><span class='ocrx_word' id='word_1_133' title='bbox 299 2597 414 2681; x_wconf 88' lang='lat' dir='ltr'>debeat,</span> <span class='ocrx_word' id='word_1_134' title='bbox 428 2599 597 2680; x_wconf 81' lang='lat' dir='ltr'>gratissimo</span> <span class='ocrx_word' id='word_1_135' title='bbox 613 2599 709 2661; x_wconf 91' lang='lat' dir='ltr'>animo</span> <span class='ocrx_word' id='word_1_136' title='bbox 724 2595 875 2678; x_wconf 84' lang='lat' dir='ltr'>profitetur</span> <span class='ocrx_word' id='word_1_137' title='bbox 894 2592 940 2680; x_wconf 87' lang='lat' dir='ltr'>(v.</span> <span class='ocrx_word' id='word_1_138' title='bbox 957 2595 1089 2680; x_wconf 82' lang='lat'>1—51).</span> <span class='ocrx_word' id='word_1_139' title='bbox 1126 2594 1255 2679; x_wconf 90' lang='lat' dir='ltr'>Opponit</span> <span class='ocrx_word' id='word_1_140' title='bbox 1270 2605 1368 2662; x_wconf 88' lang='lat' dir='ltr'>autem</span> <span class='ocrx_word' id='word_1_141' title='bbox 1391 2613 1465 2663; x_wconf 82' lang='lat' dir='ltr'>veae</span> 
     </span>
     <span class='ocr_line' id='line_1_17' title="bbox 298 2697 1471 2784; baseline -0.002 -20"><span class='ocrx_word' id='word_1_142' title='bbox 298 2701 462 2780; x_wconf 86' lang='lat' dir='ltr'>sapientiae</span> <span class='ocrx_word' id='word_1_143' title='bbox 484 2716 503 2763; x_wconf 88' lang='lat' dir='ltr'>a</span> <span class='ocrx_word' id='word_1_144' title='bbox 524 2697 653 2767; x_wconf 87' lang='lat' dir='ltr'>Cornuto</span> <span class='ocrx_word' id='word_1_145' title='bbox 675 2705 818 2779; x_wconf 89' lang='lat' dir='ltr'>acceptae</span> <span class='ocrx_word' id='word_1_146' title='bbox 850 2698 1003 2780; x_wconf 82' lang='lat' dir='ltr'>uolgarem</span> <span class='ocrx_word' id='word_1_147' title='bbox 1025 2699 1172 2763; x_wconf 90' lang='lat' dir='ltr'>hominum</span> <span class='ocrx_word' id='word_1_148' title='bbox 1194 2703 1298 2784; x_wconf 81' lang='lat' dir='ltr'>vitam,</span> <span class='ocrx_word' id='word_1_149' title='bbox 1333 2704 1384 2782; x_wconf 88' lang='lat' dir='ltr'>qui</span> <span class='ocrx_word' id='word_1_150' title='bbox 1407 2717 1471 2766; x_wconf 87' lang='lat' dir='ltr'>vana</span> 
     </span>
     <span class='ocr_line' id='line_1_18' title="bbox 298 2800 1470 2886; baseline 0.002 -21"><span class='ocrx_word' id='word_1_151' title='bbox 298 2800 446 2884; x_wconf 76' lang='lat' dir='ltr'>suaeque</span> <span class='ocrx_word' id='word_1_152' title='bbox 469 2800 577 2884; x_wconf 81' lang='lat' dir='ltr'>agendi</span> <span class='ocrx_word' id='word_1_153' title='bbox 608 2804 721 2866; x_wconf 89' lang='lat' dir='ltr'>ratione</span> <span class='ocrx_word' id='word_1_154' title='bbox 743 2817 778 2866; x_wconf 90' lang='lat' dir='ltr'>se</span> <span class='ocrx_word' id='word_1_155' title='bbox 801 2803 859 2883; x_wconf 92' lang='lat' dir='ltr'>ipsi</span> <span class='ocrx_word' id='word_1_156' title='bbox 881 2801 1100 2866; x_wconf 81' lang='lat' dir='ltr'>infelicissimos</span> <span class='ocrx_word' id='word_1_157' title='bbox 1121 2801 1254 2867; x_wconf 91' lang='lat' dir='ltr'>reddunt.</span> <span class='ocrx_word' id='word_1_158' title='bbox 1297 2804 1389 2868; x_wconf 87' lang='lat' dir='ltr'>llario</span> <span class='ocrx_word' id='word_1_159' title='bbox 1415 2805 1470 2886; x_wconf 84' lang='lat' dir='ltr'>qui-</span> 
     </span>
     <span class='ocr_line' id='line_1_19' title="bbox 299 2899 1477 2987; baseline -0.003 -20"><span class='ocrx_word' id='word_1_160' title='bbox 299 2899 366 2967; x_wconf 93' lang='lat' dir='ltr'>dem</span> <span class='ocrx_word' id='word_1_161' title='bbox 387 2905 535 2968; x_wconf 88' lang='lat' dir='ltr'>lrominum</span> <span class='ocrx_word' id='word_1_162' title='bbox 558 2904 668 2987; x_wconf 87' lang='lat' dir='ltr'>studia,</span> <span class='ocrx_word' id='word_1_163' title='bbox 702 2909 748 2966; x_wconf 91' lang='lat' dir='ltr'>set</span> <span class='ocrx_word' id='word_1_164' title='bbox 770 2905 868 2966; x_wconf 93' lang='lat' dir='ltr'>omnia</span> <span class='ocrx_word' id='word_1_165' title='bbox 901 2903 1107 2984; x_wconf 82' lang='lat' dir='ltr'>philosophiae</span> <span class='ocrx_word' id='word_1_166' title='bbox 1141 2920 1198 2986; x_wconf 93' lang='lat' dir='ltr'>ope</span> <span class='ocrx_word' id='word_1_167' title='bbox 1232 2904 1367 2968; x_wconf 86' lang='lat' dir='ltr'>destituta</span> <span class='ocrx_word' id='word_1_168' title='bbox 1397 2909 1477 2970; x_wconf 22' lang='lat' dir='ltr'>inritat</span> 
     </span>
     <span class='ocr_line' id='line_1_20' title="bbox 297 3004 1471 3089; baseline 0.001 -20"><span class='ocrx_word' id='word_1_169' title='bbox 297 3012 372 3089; x_wconf 78' lang='lat' dir='ltr'>sunt,</span> <span class='ocrx_word' id='word_1_170' title='bbox 394 3005 470 3069; x_wconf 92' lang='lat' dir='ltr'>unde</span> <span class='ocrx_word' id='word_1_171' title='bbox 494 3005 627 3087; x_wconf 90' lang='lat' dir='ltr'>plurimis</span> <span class='ocrx_word' id='word_1_172' title='bbox 649 3007 708 3069; x_wconf 87' lang='lat' dir='ltr'>vita</span> <span class='ocrx_word' id='word_1_173' title='bbox 728 3005 793 3068; x_wconf 90' lang='lat' dir='ltr'>sine</span> <span class='ocrx_word' id='word_1_174' title='bbox 817 3021 889 3068; x_wconf 88' lang='lat' dir='ltr'>vera</span> <span class='ocrx_word' id='word_1_175' title='bbox 910 3004 990 3067; x_wconf 90' lang='lat' dir='ltr'>beati</span> <span class='ocrx_word' id='word_1_176' title='bbox 1023 3007 1112 3068; x_wconf 90' lang='lat' dir='ltr'>animi</span> <span class='ocrx_word' id='word_1_177' title='bbox 1140 3005 1344 3088; x_wconf 78' lang='lat' dir='ltr'>tranquillitate</span> <span class='ocrx_word' id='word_1_178' title='bbox 1369 3011 1471 3088; x_wconf 78' lang='lat' dir='ltr'>transit</span> 
     </span>
     <span class='ocr_line' id='line_1_21' title="bbox 296 3108 1471 3187; baseline -0.003 -10"><span class='ocrx_word' id='word_1_179' title='bbox 296 3108 338 3177; x_wconf 82' lang='lat' dir='ltr'>ita</span> <span class='ocrx_word' id='word_1_180' title='bbox 370 3114 401 3172; x_wconf 89' lang='lat' dir='ltr'>ut</span> <span class='ocrx_word' id='word_1_181' title='bbox 422 3123 508 3172; x_wconf 92' lang='lat' dir='ltr'>nemo</span> <span class='ocrx_word' id='word_1_182' title='bbox 531 3109 595 3170; x_wconf 90' lang='lat' dir='ltr'>lere</span> <span class='ocrx_word' id='word_1_183' title='bbox 629 3112 735 3172; x_wconf 76' lang='lat' dir='ltr'>acceto</span> <span class='ocrx_word' id='word_1_184' title='bbox 758 3112 913 3172; x_wconf 82' lang='lat' dir='ltr'>contentus</span> <span class='ocrx_word' id='word_1_185' title='bbox 934 3113 1065 3186; x_wconf 80' lang='lat' dir='ltr'>ternpore</span> <span class='ocrx_word' id='word_1_186' title='bbox 1087 3113 1148 3172; x_wconf 85' lang='lat' dir='ltr'>cllo</span> <span class='ocrx_word' id='word_1_187' title='bbox 1170 3115 1263 3187; x_wconf 78' lang='lat' dir='ltr'>cartul,</span> <span class='ocrx_word' id='word_1_188' title='bbox 1291 3111 1333 3172; x_wconf 85' lang='lat' dir='ltr'>eli</span> <span class='ocrx_word' id='word_1_189' title='bbox 1355 3115 1471 3176; x_wconf 82' lang='lat' dir='ltr'>concion</span> 
     </span>
     <span class='ocr_line' id='line_1_22' title="bbox 295 3206 1473 3295; baseline 0.001 -20"><span class='ocrx_word' id='word_1_190' title='bbox 295 3215 382 3276; x_wconf 77' lang='lat' dir='ltr'>solur</span> <span class='ocrx_word' id='word_1_191' title='bbox 402 3206 448 3294; x_wconf 82' lang='lat' dir='ltr'>(v.</span> <span class='ocrx_word' id='word_1_192' title='bbox 465 3207 620 3294; x_wconf 84' lang='lat'>52-61).</span> <span class='ocrx_word' id='word_1_193' title='bbox 663 3210 728 3273; x_wconf 92' lang='lat' dir='ltr'>lloc</span> <span class='ocrx_word' id='word_1_194' title='bbox 749 3211 838 3292; x_wconf 85' lang='lat' dir='ltr'>igilur</span> <span class='ocrx_word' id='word_1_195' title='bbox 849 3207 976 3274; x_wconf 91' lang='lat' dir='ltr'>studium</span> <span class='ocrx_word' id='word_1_196' title='bbox 999 3225 1112 3295; x_wconf 83' lang='lat' dir='ltr'>omnes,</span> <span class='ocrx_word' id='word_1_197' title='bbox 1135 3213 1388 3295; x_wconf 83' lang='lat' dir='ltr'>puerisenesque,</span> <span class='ocrx_word' id='word_1_198' title='bbox 1405 3229 1473 3294; x_wconf 82' lang='lat' dir='ltr'>aga·</span> 
     </span>
     <span class='ocr_line' id='line_1_23' title="bbox 296 3309 1472 3400; baseline 0.002 -22"><span class='ocrx_word' id='word_1_199' title='bbox 296 3330 363 3378; x_wconf 92' lang='lat' dir='ltr'>mus</span> <span class='ocrx_word' id='word_1_200' title='bbox 385 3309 442 3398; x_wconf 83' lang='lat' dir='ltr'>(cl.</span> <span class='ocrx_word' id='word_1_201' title='bbox 464 3311 534 3375; x_wconf 92' lang='lat' dir='ltr'>Hor.</span> <span class='ocrx_word' id='word_1_202' title='bbox 556 3314 640 3393; x_wconf 87' lang='lat' dir='ltr'>epist.</span> <span class='ocrx_word' id='word_1_203' title='bbox 662 3312 725 3395; x_wconf 87' lang='lat' dir='ltr'>1,l‚</span> <span class='ocrx_word' id='word_1_204' title='bbox 747 3313 787 3376; x_wconf 86' lang='lat'>25</span> <span class='ocrx_word' id='word_1_205' title='bbox 810 3331 857 3395; x_wconf 87' lang='lat' dir='ltr'>sq.</span> <span class='ocrx_word' id='word_1_206' title='bbox 874 3314 902 3396; x_wconf 86' lang='lat'>3,</span> <span class='ocrx_word' id='word_1_207' title='bbox 924 3311 994 3397; x_wconf 87' lang='lat'>28),</span> <span class='ocrx_word' id='word_1_208' title='bbox 1017 3330 1114 3394; x_wconf 84' lang='lat' dir='ltr'>neque</span> <span class='ocrx_word' id='word_1_209' title='bbox 1132 3313 1310 3400; x_wconf 70' lang='lat' dir='ltr'>differamus</span> <span class='ocrx_word' id='word_1_210' title='bbox 1332 3323 1379 3382; x_wconf 84' lang='lat' dir='ltr'>set</span> <span class='ocrx_word' id='word_1_211' title='bbox 1393 3331 1472 3398; x_wconf 87' lang='lat' dir='ltr'>quan</span> 
     </span>
     <span class='ocr_line' id='line_1_24' title="bbox 296 3412 1473 3501; baseline 0 -21"><span class='ocrx_word' id='word_1_212' title='bbox 296 3418 422 3498; x_wconf 93' lang='lat' dir='ltr'>primum</span> <span class='ocrx_word' id='word_1_213' title='bbox 443 3416 619 3496; x_wconf 79' lang='lat' dir='ltr'>incipiamus</span> <span class='ocrx_word' id='word_1_214' title='bbox 650 3412 874 3501; x_wconf 69' lang='grc'>(1.62-12).</span> <span class='ocrx_word' id='word_1_215' title='bbox 919 3414 1003 3489; x_wconf 83' lang='lat' dir='ltr'>Quae</span> <span class='ocrx_word' id='word_1_216' title='bbox 1037 3433 1109 3480; x_wconf 88' lang='lat' dir='ltr'>vero</span> <span class='ocrx_word' id='word_1_217' title='bbox 1132 3419 1294 3495; x_wconf 87' lang='lat' dir='ltr'>sapientiae</span> <span class='ocrx_word' id='word_1_218' title='bbox 1327 3417 1473 3482; x_wconf 84' lang='lat' dir='ltr'>commoda</span> 
     </span>
     <span class='ocr_line' id='line_1_25' title="bbox 297 3515 1473 3601; baseline 0.001 -20"><span class='ocrx_word' id='word_1_219' title='bbox 297 3525 326 3582; x_wconf 89' lang='lat' dir='ltr'>el</span> <span class='ocrx_word' id='word_1_220' title='bbox 348 3517 451 3600; x_wconf 88' lang='lat' dir='ltr'>quales</span> <span class='ocrx_word' id='word_1_221' title='bbox 472 3518 585 3583; x_wconf 86' lang='lat' dir='ltr'>tructus</span> <span class='ocrx_word' id='word_1_222' title='bbox 608 3517 675 3582; x_wconf 91' lang='lat' dir='ltr'>inde</span> <span class='ocrx_word' id='word_1_223' title='bbox 697 3519 725 3581; x_wconf 92' lang='lat' dir='ltr'>in</span> <span class='ocrx_word' id='word_1_224' title='bbox 748 3520 875 3581; x_wconf 91' lang='lat' dir='ltr'>animum</span> <span class='ocrx_word' id='word_1_225' title='bbox 897 3515 1069 3599; x_wconf 87' lang='lat' dir='ltr'>redundent,</span> <span class='ocrx_word' id='word_1_226' title='bbox 1104 3519 1251 3597; x_wconf 88' lang='lat' dir='ltr'>posterior</span> <span class='ocrx_word' id='word_1_227' title='bbox 1280 3521 1388 3582; x_wconf 85' lang='lat' dir='ltr'>satirae</span> <span class='ocrx_word' id='word_1_228' title='bbox 1413 3533 1473 3601; x_wconf 83' lang='lat' dir='ltr'>para</span> 
     </span>
     <span class='ocr_line' id='line_1_26' title="bbox 297 3617 1459 3701; baseline 0.002 -19"><span class='ocrx_word' id='word_1_229' title='bbox 297 3617 485 3684; x_wconf 80' lang='lat' dir='ltr'>demonstrat</span> <span class='ocrx_word' id='word_1_230' title='bbox 531 3622 639 3685; x_wconf 84' lang='lat' dir='ltr'>Veram</span> <span class='ocrx_word' id='word_1_231' title='bbox 662 3619 826 3684; x_wconf 84' lang='lat' dir='ltr'>libertatem</span> <span class='ocrx_word' id='word_1_232' title='bbox 861 3622 934 3683; x_wconf 92' lang='lat' dir='ltr'>ratio</span> <span class='ocrx_word' id='word_1_233' title='bbox 957 3626 1066 3684; x_wconf 87' lang='lat' dir='ltr'>lantum</span> <span class='ocrx_word' id='word_1_234' title='bbox 1098 3618 1286 3701; x_wconf 85' lang='lat' dir='ltr'>philosophia</span> <span class='ocrx_word' id='word_1_235' title='bbox 1319 3621 1398 3685; x_wconf 88' lang='lat' dir='ltr'>culta</span> <span class='ocrx_word' id='word_1_236' title='bbox 1426 3625 1459 3684; x_wconf 91' lang='lat' dir='ltr'>im</span> 
     </span>
     <span class='ocr_line' id='line_1_27' title="bbox 296 3675 1474 3892; baseline 0.001 -107"><span class='ocrx_word' id='word_1_237' title='bbox 296 3724 420 3804; x_wconf 87' lang='lat' dir='ltr'>pertitnr</span> <span class='ocrx_word' id='word_1_238' title='bbox 441 3719 488 3807; x_wconf 83' lang='lat' dir='ltr'>(v.</span> <span class='ocrx_word' id='word_1_239' title='bbox 512 3721 666 3808; x_wconf 79' lang='grc'><strong>73-91),</strong></span> <span class='ocrx_word' id='word_1_240' title='bbox 699 3737 786 3802; x_wconf 88' lang='lat' dir='ltr'>quom</span> <span class='ocrx_word' id='word_1_241' title='bbox 808 3729 872 3786; x_wconf 88' lang='lat' dir='ltr'>arte</span> <span class='ocrx_word' id='word_1_242' title='bbox 895 3721 1077 3806; x_wconf 87' lang='lat' dir='ltr'>cupiditales,</span> <span class='ocrx_word' id='word_1_243' title='bbox 1109 3721 1215 3804; x_wconf 86' lang='lat' dir='ltr'>quihus</span> <span class='ocrx_word' id='word_1_244' title='bbox 1238 3739 1340 3786; x_wconf 87' lang='lat' dir='ltr'>omnes</span> <span class='ocrx_word' id='word_1_245' title='bbox 1363 3675 1474 3892; x_wconf 38' lang='lat' dir='ltr'>obnoxi</span> 
     </span>
     <span class='ocr_line' id='line_1_28' title="bbox 297 3821 1460 3909; baseline 0.002 -21"><span class='ocrx_word' id='word_1_246' title='bbox 297 3841 407 3907; x_wconf 87' lang='lat' dir='ltr'>sumus,</span> <span class='ocrx_word' id='word_1_247' title='bbox 431 3822 596 3889; x_wconf 90' lang='lat' dir='ltr'>domandae</span> <span class='ocrx_word' id='word_1_248' title='bbox 618 3831 647 3887; x_wconf 92' lang='lat' dir='ltr'>et</span> <span class='ocrx_word' id='word_1_249' title='bbox 668 3823 822 3905; x_wconf 89' lang='lat' dir='ltr'>pacandae</span> <span class='ocrx_word' id='word_1_250' title='bbox 845 3825 902 3888; x_wconf 94' lang='lat' dir='ltr'>sint</span> <span class='ocrx_word' id='word_1_251' title='bbox 924 3821 969 3907; x_wconf 90' lang='lat' dir='ltr'>(v.</span> <span class='ocrx_word' id='word_1_252' title='bbox 992 3822 1168 3909; x_wconf 84' lang='grc'>95-123).</span> <span class='ocrx_word' id='word_1_253' title='bbox 1206 3823 1389 3907; x_wconf 82' lang='lat' dir='ltr'>cupiditates</span> <span class='ocrx_word' id='word_1_254' title='bbox 1413 3841 1460 3890; x_wconf 84' lang='lat' dir='ltr'>ver</span> 
     </span>
     <span class='ocr_line' id='line_1_29' title="bbox 296 3923 1451 4010; baseline -0.001 -19"><span class='ocrx_word' id='word_1_255' title='bbox 296 3925 456 3992; x_wconf 92' lang='lat' dir='ltr'>dominium</span> <span class='ocrx_word' id='word_1_256' title='bbox 486 3923 720 3990; x_wconf 87' lang='lat' dir='ltr'>crudelissimum</span> <span class='ocrx_word' id='word_1_257' title='bbox 747 3933 886 3990; x_wconf 84' lang='lat' dir='ltr'>exercent</span> <span class='ocrx_word' id='word_1_258' title='bbox 920 3941 1095 4008; x_wconf 90' lang='lat' dir='ltr'>omnemque</span> <span class='ocrx_word' id='word_1_259' title='bbox 1125 3929 1214 3990; x_wconf 87' lang='lat' dir='ltr'>animi</span> <span class='ocrx_word' id='word_1_260' title='bbox 1247 3927 1451 4010; x_wconf 85' lang='lat' dir='ltr'>tranquillitate</span> 
     </span>
     <span class='ocr_line' id='line_1_30' title="bbox 295 4023 1451 4114; baseline 0.003 -22"><span class='ocrx_word' id='word_1_261' title='bbox 295 4029 383 4111; x_wconf 86' lang='lat' dir='ltr'>ipsae</span> <span class='ocrx_word' id='word_1_262' title='bbox 405 4044 497 4109; x_wconf 88' lang='lat' dir='ltr'>saepe</span> <span class='ocrx_word' id='word_1_263' title='bbox 519 4029 594 4091; x_wconf 92' lang='lat' dir='ltr'>inler</span> <span class='ocrx_word' id='word_1_264' title='bbox 616 4044 650 4092; x_wconf 89' lang='lat' dir='ltr'>se</span> <span class='ocrx_word' id='word_1_265' title='bbox 671 4035 837 4109; x_wconf 84' lang='lat' dir='ltr'>pugnantes</span> <span class='ocrx_word' id='word_1_266' title='bbox 853 4024 970 4090; x_wconf 89' lang='lat' dir='ltr'>turbant</span> <span class='ocrx_word' id='word_1_267' title='bbox 985 4023 1031 4109; x_wconf 84' lang='lat' dir='ltr'>(v.</span> <span class='ocrx_word' id='word_1_268' title='bbox 1056 4027 1252 4114; x_wconf 84' lang='grc'><strong>121-156).</strong></span> <span class='ocrx_word' id='word_1_269' title='bbox 1290 4031 1389 4113; x_wconf 78' lang='lat' dir='ltr'>alque</span> <span class='ocrx_word' id='word_1_270' title='bbox 1404 4038 1451 4095; x_wconf 88' lang='lat' dir='ltr'>tan</span> 
     </span>
     <span class='ocr_line' id='line_1_31' title="bbox 296 4130 1446 4214; baseline -0.002 -17"><span class='ocrx_word' id='word_1_271' title='bbox 296 4134 326 4197; x_wconf 81' lang='lat' dir='ltr'>ui</span> <span class='ocrx_word' id='word_1_272' title='bbox 348 4132 505 4196; x_wconf 83' lang='lat' dir='ltr'>obstrictos</span> <span class='ocrx_word' id='word_1_273' title='bbox 527 4146 582 4194; x_wconf 93' lang='lat' dir='ltr'>nos</span> <span class='ocrx_word' id='word_1_274' title='bbox 604 4132 737 4214; x_wconf 85' lang='lat' dir='ltr'>retinent,</span> <span class='ocrx_word' id='word_1_275' title='bbox 759 4136 792 4194; x_wconf 88' lang='lat' dir='ltr'>ul</span> <span class='ocrx_word' id='word_1_276' title='bbox 812 4130 901 4211; x_wconf 78' lang='lat' dir='ltr'>volgo</span> <span class='ocrx_word' id='word_1_277' title='bbox 923 4130 982 4213; x_wconf 85' lang='lat' dir='ltr'>ille,</span> <span class='ocrx_word' id='word_1_278' title='bbox 1013 4133 1062 4213; x_wconf 90' lang='lat' dir='ltr'>qui</span> <span class='ocrx_word' id='word_1_279' title='bbox 1085 4148 1123 4196; x_wconf 87' lang='lat' dir='ltr'>cx</span> <span class='ocrx_word' id='word_1_280' title='bbox 1146 4147 1247 4196; x_wconf 88' lang='lat' dir='ltr'>earum</span> <span class='ocrx_word' id='word_1_281' title='bbox 1268 4135 1391 4197; x_wconf 87' lang='lat' dir='ltr'>seruilio</span> <span class='ocrx_word' id='word_1_282' title='bbox 1414 4151 1446 4197; x_wconf 87' lang='lat' dir='ltr'>se</span> 
     </span>
     <span class='ocr_line' id='line_1_32' title="bbox 298 4231 1451 4318; baseline -0.001 -19"><span class='ocrx_word' id='word_1_283' title='bbox 298 4237 446 4318; x_wconf 88' lang='lat' dir='ltr'>eripuisse</span> <span class='ocrx_word' id='word_1_284' title='bbox 479 4235 636 4318; x_wconf 82' lang='lat' dir='ltr'>gloriatur,</span> <span class='ocrx_word' id='word_1_285' title='bbox 668 4248 737 4296; x_wconf 84' lang='lat' dir='ltr'>mox</span> <span class='ocrx_word' id='word_1_286' title='bbox 772 4232 811 4296; x_wconf 92' lang='lat' dir='ltr'>ad</span> <span class='ocrx_word' id='word_1_287' title='bbox 844 4249 897 4296; x_wconf 88' lang='lat' dir='ltr'>eas</span> <span class='ocrx_word' id='word_1_288' title='bbox 930 4232 1027 4296; x_wconf 91' lang='lat' dir='ltr'>redire</span> <span class='ocrx_word' id='word_1_289' title='bbox 1059 4241 1182 4314; x_wconf 84' lang='lat' dir='ltr'>cogatur</span> <span class='ocrx_word' id='word_1_290' title='bbox 1215 4231 1451 4317; x_wconf 70' lang='grc'><strong>(1.157-175</strong></span> 
     </span>
    </p>
   </div>
   <div class='ocr_carea' id='block_1_4' title="bbox 298 4334 1457 4629">
    <p class='ocr_par' dir='ltr' id='par_1_4' title="bbox 298 4334 1457 4629">
     <span class='ocr_line' id='line_1_33' title="bbox 299 4334 1445 4421; baseline -0.002 -17"><span class='ocrx_word' id='word_1_291' title='bbox 299 4336 376 4414; x_wconf 79' lang='lat' dir='ltr'>Quin</span> <span class='ocrx_word' id='word_1_292' title='bbox 398 4345 427 4404; x_wconf 87' lang='lat' dir='ltr'>et</span> <span class='ocrx_word' id='word_1_293' title='bbox 449 4338 668 4402; x_wconf 81' lang='lat' dir='ltr'>diversissimae</span> <span class='ocrx_word' id='word_1_294' title='bbox 690 4341 789 4399; x_wconf 89' lang='lat' dir='ltr'>amant</span> <span class='ocrx_word' id='word_1_295' title='bbox 811 4334 985 4417; x_wconf 90' lang='lat' dir='ltr'>cupiditates</span> <span class='ocrx_word' id='word_1_296' title='bbox 1008 4335 1131 4400; x_wconf 90' lang='lat' dir='ltr'>eundem</span> <span class='ocrx_word' id='word_1_297' title='bbox 1154 4336 1300 4400; x_wconf 88' lang='lat' dir='ltr'>hominem</span> <span class='ocrx_word' id='word_1_298' title='bbox 1324 4342 1369 4402; x_wconf 93' lang='lat' dir='ltr'>sui</span> <span class='ocrx_word' id='word_1_299' title='bbox 1389 4343 1445 4421; x_wconf 89' lang='lat' dir='ltr'>ipsi</span> 
     </span>
     <span class='ocr_line' id='line_1_34' title="bbox 298 4437 1457 4526; baseline -0.002 -20"><span class='ocrx_word' id='word_1_300' title='bbox 298 4445 387 4526; x_wconf 86' lang='lat' dir='ltr'>quasi</span> <span class='ocrx_word' id='word_1_301' title='bbox 407 4445 545 4523; x_wconf 91' lang='lat' dir='ltr'>impotem</span> <span class='ocrx_word' id='word_1_302' title='bbox 566 4438 692 4503; x_wconf 89' lang='lat' dir='ltr'>ludibrio</span> <span class='ocrx_word' id='word_1_303' title='bbox 714 4438 826 4502; x_wconf 85' lang='lat' dir='ltr'>habere</span> <span class='ocrx_word' id='word_1_304' title='bbox 850 4444 878 4502; x_wconf 89' lang='lat' dir='ltr'>el</span> <span class='ocrx_word' id='word_1_305' title='bbox 899 4441 929 4501; x_wconf 93' lang='lat' dir='ltr'>in</span> <span class='ocrx_word' id='word_1_306' title='bbox 951 4454 1053 4502; x_wconf 90' lang='lat' dir='ltr'>omnes</span> <span class='ocrx_word' id='word_1_307' title='bbox 1076 4437 1214 4520; x_wconf 90' lang='lat' dir='ltr'>abripere</span> <span class='ocrx_word' id='word_1_308' title='bbox 1236 4447 1337 4520; x_wconf 90' lang='lat' dir='ltr'>parles</span> <span class='ocrx_word' id='word_1_309' title='bbox 1361 4439 1407 4525; x_wconf 84' lang='lat' dir='ltr'>(v.</span> <span class='ocrx_word' id='word_1_310' title='bbox 1422 4443 1457 4505; x_wconf 85' lang='lat' dir='ltr'>ll</span> 
     </span>
     <span class='ocr_line' id='line_1_35' title="bbox 299 4542 1445 4629; baseline -0.004 -18"><span class='ocrx_word' id='word_1_311' title='bbox 299 4543 433 4629; x_wconf 82' lang='lat'>-188).</span> <span class='ocrx_word' id='word_1_312' title='bbox 476 4544 516 4608; x_wconf 84' lang='lat' dir='ltr'>m</span> <span class='ocrx_word' id='word_1_313' title='bbox 537 4542 608 4607; x_wconf 85' lang='lat' dir='ltr'>talia</span> <span class='ocrx_word' id='word_1_314' title='bbox 629 4542 736 4623; x_wconf 80' lang='lat' dir='ltr'>volgus</span> <span class='ocrx_word' id='word_1_315' title='bbox 758 4558 817 4606; x_wconf 90' lang='lat' dir='ltr'>non</span> <span class='ocrx_word' id='word_1_316' title='bbox 838 4543 980 4622; x_wconf 90' lang='lat' dir='ltr'>perspicit</span> <span class='ocrx_word' id='word_1_317' title='bbox 1001 4547 1030 4606; x_wconf 89' lang='lat' dir='ltr'>et</span> <span class='ocrx_word' id='word_1_318' title='bbox 1044 4557 1146 4607; x_wconf 86' lang='lat' dir='ltr'>ueram</span> <span class='ocrx_word' id='word_1_319' title='bbox 1160 4543 1336 4624; x_wconf 88' lang='lat' dir='ltr'>sapientiam</span> <span class='ocrx_word' id='word_1_320' title='bbox 1351 4544 1445 4608; x_wconf 90' lang='lat' dir='ltr'>inride</span> 
     </span>
    </p>
   </div>
   <div class='ocr_carea' id='block_1_5' title="bbox 0 0 1656 4975">
    <p class='ocr_par' dir='ltr' id='par_1_5' title="bbox 0 0 1656 4975">
     <span class='ocr_line' id='line_1_36' title="bbox 0 0 1656 4975; baseline 0 0"><span class='ocrx_word' id='word_1_321' title='bbox 0 0 1656 4975; x_wconf 95' lang='lat' dir='ltr'> </span> 
     </span>
    </p>
   </div>
  </div>
 </body>
</html>
