3300 4975
750 390 885 447 flotin
897 390 974 449 111.

372 575 438 642 llos
458 582 512 661 est,
536 574 615 659 quod
638 575 742 659 pallos,
763 590 816 640 our
838 576 905 656 quis
926 592 985 643 non
1007 578 1171 660 prandeat?
1188 578 1253 649 lloo
1276 583 1342 649 est?
1417 582 1463 651 85

373 697 426 761 llis
448 697 577 779 populus
598 694 681 779 ridet
702 695 883 778 multumque
906 701 1006 761 torosa
1026 700 1162 764 iuventus

373 789 536 897 Ingeminat
557 816 697 879 tremulos
719 832 792 879 naso
816 818 963 898 crispante
985 819 1152 884 cachinnos.

372 936 496 1021 lnspioe,
515 908 619 1001 neseio
641 934 711 1018 quid
732 934 859 1017 trepidat
880 936 949 1000 mihi
971 943 1075 1019 peetus
1098 944 1127 1001 et
1153 938 1252 1021 aegris
1275 1008 1281 1019 ,

371 1054 518 1119 Faucibus
541 1058 701 1135 exsuperat
722 1054 822 1134 gravis
844 1053 970 1118 halitus:
993 1056 1113 1139 impleo,
1136 1054 1240 1121 sodes!

373 1172 431 1250 Qui
453 1172 523 1239 dioit
542 1171 665 1255 medioq
686 1173 786 1235 iussus
808 1174 1006 1257 requiesoere‚
1029 1180 1185 1257 postquam
1417 1180 1463 1244 90

373 1294 470 1357 Tertia
492 1291 671 1371 pompositas
693 1288 764 1355 vidit
784 1306 845 1353 nor
867 1306 986 1355 ourrere
1008 1307 1109 1377 venas,

372 1412 417 1475 De
439 1412 550 1474 maiore
573 1407 659 1472 domo
681 1407 797 1472 modice
820 1411 935 1473 sitiente
959 1410 1069 1493 lagena

371 1532 463 1595 Lenia
483 1530 579 1593 loturo
602 1528 659 1592 sihi
682 1528 854 1592 Surrentina
876 1530 999 1611 rogavit.

371 1650 462 1734 Heus,
483 1648 569 1733 hone,
591 1654 623 1712 tu
643 1648 747 1730 palles.
789 1648 868 1711 Nihil
891 1656 943 1713 est.
987 1649 1098 1715 Videas
1120 1657 1219 1718 tamen
1240 1652 1328 1739 istud,

372 1766 520 1851 Quidquid
541 1767 572 1832 id
594 1775 650 1833 est:
673 1769 767 1849 surgit
788 1768 874 1831 taeito
897 1766 948 1831 tihi
969 1768 1049 1834 lutea
1071 1770 1167 1852 pellis.
1415 1773 1459 1837 95

371 1889 411 1952 ht
431 1893 463 1952 tu
483 1887 612 1952 deterius
635 1887 739 1969 palles.
781 1886 827 1949 No
850 1888 892 1951 sis
912 1887 983 1951 mihi
1004 1894 1095 1953 tutor:

370 2007 437 2071 lam
457 2005 572 2089 pridem
592 2007 671 2070 huno
692 2004 800 2087 sepeli:
821 2010 854 2069 tu
874 2011 980 2069 restas.
1025 2005 1130 2091 Perge,
1151 1984 1284 2074 taoehof

371 2126 516 2209 Turgidus
537 2126 586 2190 hie
609 2124 704 2207 epulis
725 2130 814 2205 atque
836 2122 905 2188 alho
928 2130 1030 2188 ventre
1051 2124 1166 2190 lavatur

370 2247 490 2313 Gutture
512 2248 689 2329 sulphureas
710 2246 789 2310 lente
812 2247 967 2310 exhalante
988 2248 1141 2331 mephites.

369 2364 423 2431 Set
442 2372 552 2429 tremor
571 2367 648 2428 inter
668 2366 737 2428 rina
758 2363 846 2446 subit,
869 2362 1053 2446 ualidamque
1077 2368 1210 2432 trientem
1390 2369 1455 2434 100

368 2487 484 2554 Excutit
507 2503 525 2550 e
545 2484 689 2569 manibus,
713 2484 817 2550 dentes
840 2502 984 2567 crepuere
1006 2490 1120 2552 reteoti:
1485 2460 1486 2472 ἵ

368 2605 464 2670 Unota
487 2603 594 2669 eadunt
614 2603 692 2668 larris
714 2608 782 2668 tune
803 2603 998 2685 prdmentaria
1019 2605 1120 2672 lahris.

368 2726 443 2791 Hirro
465 2725 543 2809 tuba
566 2724 721 2790 candelae:
745 2724 921 2808 tandemque
943 2723 1080 2793 beatulus
1103 2728 1162 2795 alto
1228 2717 1230 2722 ’

369 2845 557 2928 Compositus
579 2844 656 2908 lento
679 2847 850 2926 crassisque
872 2845 982 2910 lutatus
1003 2849 1126 2912 amomis

367 2965 401 3030 ln
422 2972 537 3048 portam
559 2964 671 3046 rigidas
693 2964 793 3028 oaloos
817 2963 953 3048 extendit,
976 2970 1006 3028 at
1025 2965 1107 3029 illum

367 3084 505 3148 Hesterni
527 3084 623 3165 eapite
645 3083 746 3148 induto
769 3083 888 3148 subiere
912 3079 1047 3157 Quirites.

368 3205 477 3286 Tange,
498 3205 597 3286 miser,
619 3219 712 3266 venas
735 3207 763 3264 et
784 3217 861 3283 pone
882 3202 913 3266 in
934 3206 1055 3282 peotore
1078 3198 1221 3265 dextram:

367 3321 416 3386 Nil
437 3321 514 3386 ualet
534 3320 607 3384 hio?
629 3320 826 3401 summosque
848 3318 942 3402 pedes
965 3323 1075 3403 attinge
1096 3336 1273 3402 manusque:

367 3441 434 3505 Non
455 3440 588 3521 frigent?
611 3438 683 3500 Visa
704 3443 750 3501 est
771 3438 797 3502 si
818 3438 893 3500 lorte
915 3441 1050 3522 poeonia,
1073 3441 1137 3504 sivo

368 3559 501 3627 Candida
522 3560 611 3625 rioini
632 3557 753 3624 subrisit
774 3555 864 3621 molle
885 3555 1004 3638 puella;

253 3904 255 3907 .
340 3855 370 3906 V.
388 3853 416 3906 h.
434 3853 477 3905 85.
497 3853 558 3924 quid
572 3853 659 3922 polleo,
688 3852 838 3920 carpatiae.
874 3850 918 3905 86.
941 3847 1051 3918 (inpetus
1069 3849 1123 3904 doc.
1160 3848 1204 3902 89.
1225 3851 1356 3905 emoleret.
1386 3852 1461 3906 hlur-

268 3943 367 3996 mollius
384 3942 500 4009 aenou,
519 3942 610 3994 Badius
624 3941 744 4010 comedat,
763 3941 887 3994 Maecilius
900 3943 1007 4009 expirat,
1027 3940 1171 3992 Hauthalius
1184 3941 1300 3994 eemttut.
1328 3939 1477 4048 ethecmal

268 4031 373 4100 ropedu’t,
386 4033 491 4099 reponit,
505 4030 615 4098 repudio.
651 4029 710 4081 100.
729 4030 837 4084 triental.
870 4028 930 4082 101.
949 4029 1049 4083 eneidit.
1081 4029 1141 4084 102.
1156 4033 1214 4097 inm,
1232 4029 1295 4082 diuo.
1316 4029 1458 4098 105.por-

269 4124 316 4174 tao.
334 4120 438 4189 nudos.
477 4117 538 4172 106.
556 4117 664 4187 iodrtelo,
684 4117 789 4172 obducti.
817 4118 878 4173 108.
896 4119 943 4173 dio.
956 4119 1063 4174 attende.
1098 4117 1156 4172 109.
1173 4116 1276 4188 seqenti.
