3300 4975
645 812 940 917 Prologus.

587 1066 996 1138 summarium.

284 1265 411 1329 Carmen
431 1264 557 1345 primum
571 1263 602 1327 in
616 1262 768 1329 codicibus
786 1266 927 1346 prolapus
948 1268 998 1329 aut
1012 1267 1197 1346 prooemium
1219 1270 1268 1330 aut
1282 1283 1378 1347 praa-

197 1368 270 1452 satio
291 1368 467 1448 inseriptnm
488 1382 586 1447 neque
619 1382 685 1429 oum
707 1369 818 1450 prima,
853 1384 930 1448 quae
952 1370 1098 1452 sequitu,
1120 1371 1212 1433 satira
1234 1369 1380 1455 cohaeret,

198 1487 295 1554 neque
316 1473 392 1534 inter
421 1471 503 1549 ipsas
526 1470 632 1533 satiras
654 1467 866 1533 numerandum
887 1475 947 1552 est,
979 1469 1034 1533 sed
1055 1472 1106 1534 toti
1127 1474 1282 1535 satirarum
1304 1470 1380 1536 libro

196 1574 354 1659 praeludit,
376 1572 480 1654 quaies
502 1572 702 1653 praefationes
725 1571 843 1655 Statius,
865 1572 1016 1655 Martialis
1046 1574 1204 1657 Ausonius,
1238 1573 1381 1639 Claudia-

196 1696 252 1743 nus
275 1678 438 1741 oarminnm
458 1672 796 1755 libris-praemittebant.
839 1674 953 1739 Jahnus
974 1675 1111 1758 Prelegg.
1143 1694 1171 1759 p.
1193 1677 1283 1741 LVlll
1306 1694 1381 1741 eon-

194 1786 254 1847 tert
274 1780 368 1844 breve
389 1778 516 1842 Petronii
538 1774 612 1861 (sat.
635 1775 673 1861 5)
696 1793 823 1860 emmer,
847 1794 905 1859 quo
927 1794 945 1841 a
966 1778 1138 1844 oholiambis
1171 1782 1314 1863 ineipiens
1343 1780 1382 1846 ad

194 1885 334 1950 heroieos
355 1898 461 1946 versus
482 1869 595 1945 transit
637 1879 757 1943 Persius
779 1896 813 1944 se
835 1881 952 1943 minime
966 1880 1117 1945 Musarum
1140 1882 1242 1946 favore
1262 1881 1382 1948 beatum

196 2003 268 2053 esse
290 1986 447 2069 proiitetur,
469 1989 501 2047 ut
524 1982 620 2053 divino
643 1981 752 2049 adflatu
772 1990 861 2064 poeta
886 1984 992 2049 taurea
1024 1985 1182 2049 donandos
1216 1984 1382 2067 Apollinari

196 2089 356 2173 prodierit,
389 2087 509 2151 humilia
529 2092 642 2151 tantum
664 2087 795 2150 earmina
824 2103 859 2151 se
880 2086 1026 2171 proferre,
1058 2089 1099 2153 ita
1120 2092 1150 2153 nt
1172 2104 1238 2151 oum
1260 2087 1382 2153 Horatio

198 2195 318 2257 illorum
339 2207 460 2255 numero
483 2206 516 2254 se
539 2196 693 2273 excerpat,
727 2190 839 2255 dedant
860 2191 965 2271 petbus
992 2206 1056 2255 aare
1076 2195 1181 2272 poetas
1213 2187 1288 2274 (sat.
1309 2190 1331 2275 i,
1352 2196 1381 2278 d,

201 2298 267 2371 39).
313 2296 345 2358 V.
368 2296 461 2358 1-7.
503 2292 608 2374 Neque
637 2297 736 2355 amen
765 2293 802 2357 iis
832 2290 942 2365 invidet
963 2294 1074 2377 poetis,
1109 2293 1159 2373 qui
1181 2291 1250 2356 talia
1288 2290 1325 2357 de
1348 2312 1382 2359 se

197 2397 379 2483 praedioant
412 2413 500 2478 quom
522 2399 596 2461 soiat
617 2397 758 2477 plurimos
782 2397 973 2477 psittacorum
996 2400 1026 2460 et
1046 2397 1179 2477 picarum
1201 2412 1283 2460 more
1305 2396 1382 2461 same

201 2512 230 2568 et
250 2505 351 2586 inopia
388 2508 506 2565 ooaetos
539 2499 629 2564 edere
662 2503 792 2564 earmina
823 2505 904 2565 tanto
926 2500 1006 2563 hiatu
1039 2505 1162 2564 cantata.
1206 2500 1239 2564 V.
1267 2500 1382 2565 8—1i.

197 2609 309 2690 Magna
333 2604 563 2670 dissimulatione
585 2602 712 2667 Neronis
735 2604 874 2684 principis
898 2603 1049 2666 avaritiam
1081 2608 1109 2666 et
1130 2603 1230 2683 iniqua
1251 2608 1385 2685 tempora

201 2711 250 2776 hie
271 2709 407 2774 aeensari
427 2708 572 2774 Antoniam
594 2706 721 2771 Volscus
742 2707 870 2790 putavit,
903 2707 954 2788 qni
982 2705 1055 2770 iilud
1075 2705 1203 2770 Petronii
1237 2702 1311 2789 (sat.
1332 2707 1384 2791 83,

205 2810 268 2897 10)
292 2812 416 2875 mntem:

355 2961 425 3026 Sola
446 2962 595 3044 pminosis
617 2960 717 3026 homet
737 2959 887 3027 Faonndia
907 2962 1014 3043 pannis

353 3066 450 3148 Atque
471 3068 553 3148 inopi
574 3067 674 3148 lingna
697 3065 832 3130 desertas
854 3068 971 3131 invocat
993 3069 1081 3129 artes.

203 3217 325 3284 Graecis
348 3217 485 3283 versibus
506 3224 637 3282 nostmm
671 3233 790 3280 carmen
811 3214 984 3280 oholiambis
1007 3215 1147 3296 seriptum
1174 3217 1385 3296 expresserunt

200 3321 354 3403 Josephus
377 3321 512 3402 Soaiiger
545 3317 701 3404 (poemata
723 3335 831 3401 graece
852 3335 941 3384 versa
965 3336 994 3400 p.
1018 3317 1113 3403 102),
1141 3319 1301 3398 Dionysius
1323 3316 1385 3381 Pe-

201 3428 299 3490 tavius
322 3421 426 3508 (epist.
447 3424 481 3507 ii,
505 3421 565 3508 29)
597 3428 626 3485 et
647 3422 714 3485 lsao
735 3419 939 3505 Casanbonns,
962 3420 1055 3485 editor
1077 3421 1171 3485 Persii
1193 3418 1386 3486 doctissimus.

205 3526 338 3610 Opitzins
362 3530 546 3610 germanicas
568 3526 663 3590 Persii
693 3528 845 3591 versiones
877 3542 895 3588 a
917 3524 1041 3606 prologo
1064 3521 1273 3606 alexandrium,
1311 3540 1385 3605 quos

203 3638 320 3716 voeant
341 3630 494 3696 reddendo
515 3631 685 3713 anspieatns
707 3635 753 3692 est
767 3626 815 3712 [in
835 3628 970 3709 florilegii
983 3629 1129 3693 variorum
1145 3629 1386 3711 epigrammatum

205 3734 280 3797 libro
302 3734 329 3798 II
351 3751 380 3816 p.
401 3734 464 3797 463
488 3730 554 3797 edit
576 3734 645 3796 anni
667 3728 779 3815 1690).
