3300 4975
772 403 905 463 sotira
917 402 995 461 111.

398 584 512 670 Nempe
533 586 610 654 haec
631 586 766 655 adsidue!
788 590 855 655 lam
878 591 988 656 clarum
1009 603 1094 653 mane
1115 589 1261 653 fenestras

390 703 488 770 intrat
510 713 539 771 et
560 714 702 790 angustas
724 709 854 775 extendit
875 710 984 773 lumine
1006 710 1108 773 rimas:

399 823 562 910 stertimus,
584 826 754 893 indomitum
777 826 855 911 quod
878 825 1054 909 despumare
1075 826 1233 891 Falernum

399 944 538 1031 Sufficiat,
562 950 662 1029 quinta
684 949 751 1014 dum
774 949 853 1013 linea
874 952 1003 1031 tangitur
1023 947 1135 1013 umbra

398 1063 451 1149 En,
474 1065 544 1148 quid
566 1067 652 1148 agis?
675 1067 778 1132 Siccus
801 1070 905 1132 insana
927 1067 1059 1132 canicula
1086 1083 1202 1132 messes

396 1183 574 1250 iamdudum
598 1189 705 1271 coquit,
728 1193 757 1251 et
777 1188 879 1271 patula
899 1205 991 1269 pecus
1015 1202 1100 1250 omne
1122 1184 1177 1251 sub
1199 1184 1279 1249 ulmo
1302 1189 1358 1250 est

397 1303 490 1391 Unus,
514 1309 561 1391 ait,
585 1311 733 1373 comitum!
756 1347 796 1357 -
819 1312 989 1375 verumne?
1012 1309 1116 1374 liano?
1139 1305 1228 1373 Ocius
1251 1306 1329 1373 adsit

398 1422 454 1488 llic
476 1425 595 1506 aliquis!
617 1426 751 1493 Nemon‘l
773 1430 931 1511 Turgescit
952 1431 1045 1494 vitrea
1066 1426 1146 1491 hilis:

397 1541 514 1608 Findor.
558 1545 597 1611 Ut
617 1546 765 1613 Arcadiae
787 1552 928 1631 pecuaria
949 1548 1055 1614 rudere
1078 1547 1193 1613 credas.

398 1661 465 1727 lam
486 1664 561 1728 liloer
582 1672 612 1731 et
632 1670 736 1749 positis
757 1668 872 1734 bicolor
892 1670 1064 1735 membrana
1086 1668 1200 1751 capillis
1449 1668 1477 1733 ti

398 1781 489 1865 lnqoe
511 1801 617 1852 manus
640 1790 761 1854 chartae
782 1792 956 1875 nodosaque
978 1794 1057 1858 venit
1082 1789 1203 1855 amodo.

398 1902 471 1968 'lum
494 1908 650 1992 querimur,
673 1925 794 1975 crassus
817 1910 932 1974 calamo
956 1910 1034 1993 quod
1056 1908 1185 1993 pendeat
1206 1907 1320 1994 humor,

398 2021 492 2105 Nigra
514 2026 594 2108 quod
616 2029 714 2092 inlusa
738 2036 878 2094 vanescat
896 2032 984 2112 'sepia
1005 2030 1135 2114 lympha,

399 2142 523 2230 Dilutas,
546 2149 702 2233 querimur,
725 2152 854 2231 geminet
876 2149 956 2233 quod
977 2149 1073 2214 fistula
1095 2156 1202 2232 guttas.

401 2260 427 2327 0
449 2265 548 2349 miser,
569 2271 658 2348 inque
681 2264 744 2331 dies
766 2269 844 2333 ultra
866 2270 963 2352 miser,
986 2269 1091 2333 hucine
1113 2285 1211 2333 rerum
1444 2270 1477 2333 15

399 2382 552 2447 Venimus!
575 2385 615 2449 At
636 2402 688 2449 cur
709 2403 770 2451 non
790 2390 889 2472 potius
910 2394 1072 2471 teneroque
1094 2388 1231 2455 columbo

399 2502 437 2568 Et
457 2504 560 2569 similis
582 2521 685 2588 regum
708 2509 809 2589 pueris
831 2526 965 2593 pappare
988 2511 1126 2574 minutum

399 2624 504 2691 Poscis
527 2633 556 2692 et
577 2628 670 2692 iratus
693 2645 839 2694 mammae
861 2629 966 2694 lallare
988 2630 1131 2694 recusas?

400 2747 448 2812 An
471 2748 522 2813 tali
544 2748 677 2813 studeam
701 2751 836 2815 calamo?
860 2749 914 2814 Cui
935 2748 1048 2816 verba?
1072 2748 1148 2824 Quid
1170 2748 1243 2815 istas
1474 2699 1475 2782 ¹

401 2867 536 2935 Succinis
558 2867 722 2951 ambages?
745 2869 809 2935 Tibi
831 2870 947 2956 luditur,
971 2869 1066 2936 elduis
1089 2887 1198 2936 amens.

402 2985 612 3051 Contemnere:
635 2993 722 3053 sonat
742 2988 843 3052 utinm
865 3004 1016 3072 percussa,
1039 2988 1168 3071 maligno

403 3108 574 3192 Respondet
596 3107 681 3174 viridi
702 3126 762 3173 non
784 3093 868 3174 cocta
890 3107 988 3174 fidelia
1010 3109 1088 3174 limo.

400 3226 499 3293 Udnm
522 3235 551 3293 et
572 3229 660 3293 molle
683 3229 774 3293 lutum
798 3245 844 3293 es:
866 3245 951 3313 nunc,
975 3245 1051 3294 nunc
1073 3225 1278 3313 properandus
1301 3232 1331 3295 et
1352 3230 1418 3296 acri

401 3348 571 3432 Fingendus
593 3351 657 3414 sine
679 3350 736 3413 dne
757 3357 831 3414 rota.
875 3349 927 3414 Set
948 3365 1018 3414 rore
1040 3357 1164 3433 patemo

401 3469 455 3535 Est
476 3469 528 3534 tibi
550 3472 596 3534 lar
617 3468 773 3553 modicum,
795 3485 900 3550 pmnm
924 3475 952 3533 et
974 3470 1038 3532 sine
1060 3467 1128 3531 labe
1150 3468 1276 3534 salinum
1299 3504 1341 3517 —-
1451 3419 1470 3562 d

402 3587 480 3664 Quid
501 3592 636 3656 metuas?
660 3625 700 3638 -—
725 3589 890 3672 cultrixque
913 3589 972 3652 loci
993 3604 1099 3654 secura
1120 3590 1238 3672 patella

402 3708 469 3773 lloc
491 3711 584 3774 satis?
606 3710 654 3773 An
677 3708 782 3775 deceat
803 3708 972 3790 pulmonem
993 3724 1132 3790 mmpere
1153 3710 1257 3794 uentis
1287 3687 1291 3694 ⁷

402 3830 563 3898 stemmate
586 3830 666 3914 quod
687 3831 783 3896 Tusco
805 3845 919 3894 ramum
941 3826 1094 3894 millesime
1117 3827 1209 3914 ducis,

375 4142 407 4199 V.
425 4142 454 4198 L.
476 4142 501 4195 1.
521 4142 575 4197 doc.
605 4142 630 4195 2.
651 4137 763 4198 ostendit
801 4140 826 4200 7.
844 4157 911 4199 ortuo
938 4141 975 4198 ott
992 4142 1110 4197 comitum
1138 4156 1225 4193 omnes
1255 4136 1352 4208 legunt,
1381 4148 1439 4193 cote

302 4235 374 4287 varie
387 4232 434 4286 hoe
447 4250 536 4286 verens
551 4237 765 4303 interpungeotes.
797 4231 823 4284 9.
844 4230 955 4302 finditur,
978 4228 1064 4299 findor
1076 4232 1112 4295 itt,
1133 4225 1219 4296 findor
1230 4230 1259 4282 et.
1283 4227 1432 4281 Hauthalins

302 4323 392 4376 diuum
414 4323 492 4376 meus.
513 4323 546 4375 ci.
566 4323 662 4375 Annon.
682 4324 763 4392 epigr.
775 4316 819 4384 76,
837 4319 862 4372 3.
894 4320 943 4372 Ι10.
962 4319 1057 4372 bicolor
1067 4319 1163 4386 positis.
1182 4316 1327 4368 fleothalius
1341 4317 1451 4372 liberesi

304 4410 348 4468 12.
378 4410 489 4480 Guyetus
516 4427 592 4466 nunc,
626 4412 667 4464 12.
690 4410 730 4463 id.
750 4411 870 4481 queritur.
911 4407 952 4461 13.
979 4410 1055 4477 niqra
1081 4409 1126 4460 set.
1173 4404 1213 4457 16.
1233 4409 1282 4474 out,
1309 4409 1343 4460 ut.
1368 4409 1417 4475 pa!

302 4501 347 4556 21.
366 4502 459 4555 Nesseo
475 4504 561 4556 conen
579 4505 610 4557 ei.
647 4500 691 4556 22.
709 4517 800 4554 censor
817 4498 934 4552 Heidelb.
952 4513 1000 4554 nec
1018 4495 1136 4567 splendet.
1172 4493 1215 4549 26.
1232 4494 1326 4563 patella
1342 4499 1388 4551 eoi.
1404 4498 1439 4549 Ve

303 4601 435 4663 suspectus
458 4591 575 4662 Guyetio.
