3300 4975
726 820 916 906 Satira
940 819 989 906 1.

653 1001 1064 1100 Summarium.

352 1192 446 1259 Poeta
466 1194 523 1259 bac
543 1196 635 1261 satira
649 1200 785 1284 omnium,
807 1218 883 1283 qrras
904 1201 1029 1284 scripsit,
1050 1192 1303 1279 praestantissima
1326 1197 1357 1257 et
1373 1206 1455 1275 sero,

267 1297 298 1360 ni
330 1296 430 1381 lellor,
463 1296 591 1383 condita,
624 1317 683 1381 quo
715 1304 812 1366 animo
841 1304 942 1368 satiris
975 1298 1138 1367 scribendis
1173 1313 1293 1380 operam
1327 1294 1456 1377 dederit

268 1406 370 1464 contra
392 1399 580 1466 adversarios
601 1404 674 1467 scite
707 1404 834 1469 ostendit
853 1422 1014 1487 verumque
1048 1404 1134 1467 buius
1156 1398 1304 1467 scribendi
1329 1400 1456 1481 generis

267 1502 355 1567 linem
377 1504 503 1584 exponit.
547 1501 629 1568 Initio
652 1501 698 1589 (v.
721 1506 845 1592 l-tt)
868 1513 1070 1589 argumentum
1099 1507 1186 1569 totius
1209 1502 1347 1567 carminis
1371 1518 1455 1583 pau-

268 1608 310 1672 ois
333 1604 503 1690 adumbrat,
535 1623 569 1670 33
591 1609 708 1672 minime
729 1610 832 1692 populi
854 1610 990 1691 plausum
1013 1616 1149 1693 captare,
1182 1613 1228 1673 set
1248 1608 1316 1690 ipsa
1348 1621 1385 1668 re
1415 1603 1455 1668 ad

267 1711 374 1776 satiras
400 1708 573 1774 scribendas
603 1710 654 1775 tali
686 1711 774 1778 modo
804 1715 941 1798 excitari,
976 1717 1008 1777 ut
1038 1719 1138 1777 tacere
1170 1715 1306 1792 nequeat.
1350 1707 1453 1771 Prima

268 1818 351 1896 parte
374 1809 420 1896 (r.
444 1811 610 1898 13-106)
634 1813 671 1878 de
692 1816 821 1900 volgari,
856 1833 943 1901 quem
966 1832 1068 1880 omues
1091 1813 1228 1897 ambiunt,
1251 1812 1359 1893 plausu
1382 1812 1452 1892 agi-

267 1921 328 1999 tur,
362 1916 413 1996 qui
435 1916 551 1980 313133
582 1934 672 1981 33333
695 1918 917 1999 pulchritudinis
940 1920 1142 1983 aestimatione
1173 1922 1202 1980 et
1222 1916 1362 1979 universa
1385 1916 1452 1977 ani-

268 2034 382 2082 momm
413 2018 611 2084 imbecillitate
647 2021 859 2103 proficiscatur.
903 2020 1013 2085 Omnes
1035 2036 1113 2084 nunc
1133 2016 1290 2083 scribimus
1312 2032 1450 2098 magnum

269 2120 381 2203 aliquid
402 2122 596 2209 adfectantes,
632 2124 710 2207 quod
733 2125 860 2190 delicata
886 2134 914 2191 et
936 2127 1032 2190 tracta
1063 2139 1138 2188 voce
1160 2121 1295 2204 legentes
1317 2136 1450 2185 summas

269 2225 371 2308 populi
392 2224 497 2291 laudes
518 2226 604 2291 nobis
626 2225 831 2309 comparemus
861 2226 907 2314 (r.
931 2225 1091 2312 lb-dlb
1125 2231 1206 2289 tanta
1228 2225 1305 2287 enim
1328 2223 1449 2304 plausus

268 2345 423 2411 ranaeque
446 2330 559 2411 gloriae
582 2329 739 2411 cupiditate
762 2333 840 2413 capti
861 2348 971 2415 sumus,
992 2336 1024 2394 ut
1045 2330 1103 2393 boc
1116 2330 1220 2411 ipsum,
1244 2324 1282 2389 ab
1298 2326 1359 2389 aliis
1376 2325 1442 2387 lan·
1476 2388 1477 2437 ,

271 2430 350 2517 dari,
382 2433 525 2498 bonorum
558 2433 644 2497 linem
666 2431 830 2498 babeamus
864 2428 1088 2518 (3.22-21).
1133 2428 1235 2505 Qualis
1267 2444 1341 2494 vero
1375 2427 1447 2491 baec

270 2534 336 2599 laus
357 2538 396 2600 311
403 2586 411 2620 ,
444 2552 532 2617 quam
567 2541 646 2599 13313
669 2534 776 2600 ardore
798 2537 948 2620 cupimus,
982 2536 1102 2616 egregie
1130 2532 1229 2599 vivida
1250 2533 1441 2597 recitationum

269 2637 397 2719 imagine
418 2640 571 2721 proposita
592 2637 717 2703 ostendit
740 2635 786 2722 (r.
810 2635 965 2722 28-l0),
987 2637 1117 2719 nibilque
1140 2636 1255 2700 lacilius
1277 2635 1327 2698 illo
1350 2633 1449 2716 populi

269 2742 378 2824 plausu
409 2745 574 2826 comparari
618 2742 704 2808 docet
746 2740 792 2827 (r.
823 2740 980 2828 lto-68).
1051 2740 1133 2817 Quae
1176 2738 1271 2806 laudis
1306 2738 1451 2819 cupiditas

271 2861 308 2910 eo
341 2849 535 2927 perniciosior
568 2855 629 2932 est,
662 2864 721 2928 quo
753 2849 861 2910 certius
895 2848 989 2910 omnis
1022 2861 1093 2910 vera
1129 2845 1231 2928 poesis
1264 2839 1394 2906 funditus
1418 2857 1453 2904 33

271 2952 410 3014 evertitur
442 2947 489 3034 (r.
512 2950 686 3028 69—106).
729 2951 834 3013 Altera
855 2955 939 3030 parte
964 2946 1011 3033 (v.
1035 2945 1223 3032 tou-tet)
1260 2961 1293 3010 se
1313 2942 1396 3006 nulla
1420 2961 1454 3007 re

269 3051 407 3134 impediri
427 3069 518 3134 posse
540 3052 681 3138 adfirmat,
703 3056 859 3135 quominus
881 3055 951 3118 vitia
973 3060 1003 3117 et
1024 3043 1174 3118 stultitiam
1196 3050 1341 3114 hominum
1355 3044 1456 3110 rideat

269 3159 300 3218 ct
321 3156 454 3235 castiget
495 3154 639 3236 Equidem
660 3158 778 3220 minime
793 3155 932 3220 nobilium
949 3157 1081 3240 taronem
1097 3170 1176 3238 curo,
1199 3158 1245 3217 sci
1259 3151 1454 3232 111333333ςί-

269 3262 330 3321 tata
353 3257 475 3339 eloquor
496 3263 533 3340 et,
567 3275 644 3339 quae
666 3259 794 3323 notanda
814 3260 886 3323 mibi
908 3257 1050 3342 videntur,
1072 3259 1193 3322 satirica
1213 3257 1353 3319 imisione
1379 3241 1475 3335 per-l

270 3376 381 3441 sequor
401 3359 513 3445 Lucilli,
535 3360 648 3425 Horatii
671 3367 700 3424 ct
721 3368 853 3425 veterum
875 3377 1049 3442 graecorum
1066 3362 1245 3424 comicorum
1260 3373 1351 3440 more,
1378 3373 1455 3438 quos

271 3462 362 3528 duces
383 3480 493 3545 sequor
515 3460 782 3548 (ulcr-125),
804 3466 922 3528 minime
937 3482 1030 3546 prava
1044 3465 1119 3528 alios
1140 3461 1285 3527 inridendi
1302 3462 1454 3542 prurigine

271 3574 374 3650 captus
408 3564 674 3654 (r.126-13t).
718 3568 820 3651 ltaque
848 3571 984 3653 reipsa,
1016 3568 1097 3632 nulla
1129 3567 1253 3649 plausus
1287 3565 1454 3646 captatione

271 3687 305 3737 se
326 3669 366 3735 ad
387 3674 517 3736 carmina
538 3670 697 3737 scribenda
729 3679 758 3736 et
780 3675 888 3737 satiras
910 3671 1034 3756 quidem,
1069 3669 1175 3753 quibus
1197 3669 1331 3751 plerique
1353 3669 1456 3731 inimi-

272 3774 382 3837 cissimi
403 3781 477 3858 sunt,
500 3776 627 3839 aninmm
649 3774 801 3857 appulisse
815 3774 935 3839 Persius
958 3774 1146 3858 demonstrat,
1169 3789 1256 3854 quem
1271 3771 1385 3836 Horatii
1401 3788 1455 3834 33-

271 3876 357 3940 tiram
378 3875 391 3939 l
412 3875 479 3940 libri
498 3876 524 3939 ll
543 3875 713 3941 imitandam
733 3877 789 3942 sibi
811 3881 1004 3961 proposuisse
1026 3895 1085 3942 non
1108 3885 1161 3960 est,
1183 3874 1264 3957 quod
1280 3873 1455 3938 dubitemus.

272 3975 466 4042 Conseruntur
488 3977 620 4043 eiusdem
642 3978 755 4045 Horatii
776 3982 869 4044 satira
883 3980 922 4043 lll
945 3979 1011 4043 libri
1033 3980 1046 4042 l
1068 3987 1097 4044 et
1119 3978 1245 4061 epistola
1258 3976 1365 4040 XVllll
1388 3975 1455 4039 libri

270 4078 284 4143 1
306 4087 342 4165 et,
365 4083 415 4164 qui
436 4081 569 4145 Persium
590 4084 731 4167 sequitur,
753 4083 905 4148 luvenalis
926 4089 1017 4148 satira
1038 4080 1060 4147 l.
1103 4082 1230 4145 Volscus
1245 4079 1378 4143 Persium
1397 4095 1455 4141 333

271 4182 360 4247 modo
382 4176 559 4269 scriptores,
581 4192 628 4250 set
650 4187 736 4250 etiam
758 4187 899 4268 populum
922 4201 1047 4268 arguere
1061 4183 1135 4268 dicit
1158 4181 1237 4265 quod
1262 4198 1298 4246 ea
1321 4187 1455 4263 spectent
1473 4225 1474 4274 ,

271 4290 302 4350 et
322 4285 388 4350 licto
423 4291 519 4353 animo
542 4288 680 4374 probent,
714 4290 793 4355 unde
814 4293 847 4355 in
868 4291 931 4356 dies
964 4307 1023 4355 333
1044 4288 1131 4354 modo
1155 4289 1272 4370 peiores
1295 4285 1379 4368 dant,
1409 4288 1457 4348 set

271 4389 517 4578 nudlumeossint
537 4391 661 4475 adsequi
683 4393 849 4479 utilitatem,
883 4411 971 4478 quam
992 4395 1023 4458 in
1053 4409 1117 4457 rem
1148 4391 1261 4455 3331331
1282 4389 1454 4454 Petronium

301 4494 391 4557 315
421 4514 428 4559 :
