3300 4975
172 561 225 626 sihi
247 561 311 642 ipsi
327 556 441 642 plaudit
461 555 507 643 [r.
526 555 722 645 tes-tet).
759 544 879 627 Persius
894 560 990 643 rigida
1005 560 1170 629 &ulnarum
1189 576 1271 631 moue
1286 564 1365 629 idem

172 669 379 745 argumentum
401 679 418 725 e
440 661 682 744 philosopherum
703 663 814 727 suhulis
836 663 1022 746 desumptum
1044 671 1163 749 tractat,
1192 666 1271 750 quad
1293 668 1360 731 Ha-

172 770 261 831 ratius
285 768 380 829 satira
403 765 429 828 ll
451 772 480 829 et
502 763 554 829 llll
574 764 641 829 libri
663 765 688 830 ll
711 774 740 831 et
762 766 888 848 epistola
910 767 922 829 l
942 766 1010 832 libri
1031 766 1044 831 1
1075 773 1155 833 tanta
1177 768 1361 834 subtilissimi
1443 804 1445 812 ,

172 871 279 951 ingenii
304 868 451 950 elegantia
474 884 532 931 non
554 870 617 930 siue
639 870 742 932 ieeusa
764 870 910 934 hilaritate
926 876 1111 955 exposuerat,
1135 887 1221 953 quem
1238 877 1359 953 poetam

171 975 198 1035 in
219 971 351 1053 singulis
372 968 505 1052 partibus
540 977 642 1033 noster
664 974 885 1036 accuratissime
907 979 1025 1036 secutus
1048 980 1101 1037 est.
1146 972 1189 1035 Cl.
1223 989 1299 1057 quae
1321 972 1360 1037 ad

172 1074 285 1139 lloratii
307 1076 416 1137 satiras
438 1074 546 1154 scripsi
567 1090 595 1156 p.
610 1074 680 1139 397
703 1092 747 1157 sq.
790 1075 901 1139 Lunum
922 1075 990 1139 inde
1025 1093 1090 1138 av.
1119 1076 1178 1139 133
1202 1092 1297 1158 usque
1319 1075 1358 1142 ad

173 1180 230 1243 156
254 1178 407 1259 expressit
426 1175 578 1240 Boilavius
599 1185 653 1241 sat.
675 1177 747 1261 vill,
771 1179 807 1242 ll
834 1195 912 1261 squ,
947 1192 1034 1261 quem
1068 1176 1192 1242 eundem
1220 1179 1359 1243 conteras

172 1284 253 1363 epist.
277 1281 329 1363 ΙΙΙ,
349 1281 400 1343 ts.
443 1279 605 1344 Passerius
625 1295 654 1361 p.
678 1280 739 1343 166
761 1282 863 1344 statuit
895 1298 922 1344 u.
945 1281 986 1344 96
1008 1296 1052 1361 sq.
1086 1282 1115 1343 et
1137 1280 1177 1343 ut
1199 1296 1244 1361 sq.
1277 1282 1359 1344 itaa

173 1389 258 1464 pnetu
281 1398 354 1445 esse
374 1382 510 1465 seriptes,
531 1388 564 1447 ut
583 1383 614 1444 in
635 1379 710 1446 libre
732 1380 848 1447 edenda
870 1382 926 1448 lros
949 1388 999 1445 aut
1022 1382 1090 1447 illus
1111 1387 1221 1449 tuntum
1236 1398 1358 1447 servare

174 1486 315 1550 voluerit:
351 1489 428 1566 quae
451 1486 620 1549 eonieetura
640 1484 718 1549 falsa
738 1486 827 1551 tetius
853 1484 909 1550 luei
930 1487 1168 1569 interpretatione
1190 1488 1295 1555 nititur.
