3300 4975
740 403 745 411 .
778 359 970 421 mov.

381 541 469 619 Quot
487 543 563 609 iriot
580 557 691 611 urcem
711 563 772 611 uon
793 547 961 615 maurone
982 549 1064 617 tilrru

295 666 310 711 ⁴²
380 662 477 739 Quum
498 665 623 747 primum
644 664 753 746 parido
774 672 874 731 custo:
896 667 967 732 mihi
988 684 1119 751 purpura
1141 670 1239 755 cessit,

379 780 524 864 Buiiuque
546 783 703 847 succinctis
725 782 850 847 Laribus
873 782 982 849 donate
1003 784 1150 873 pependit,

381 900 477 977 Quom
497 900 598 966 blandi
620 904 749 987 comites,
773 909 892 985 totaque
914 906 1035 986 impune
1058 905 1175 973 Subura

297 987 303 1011 ¹
338 1075 342 1084 .
379 1021 515 1085 Permisit
536 1022 685 1103 sparsisse
708 1022 811 1087 oculos
833 1024 891 1085 iam
914 1021 1056 1089 candidus
1080 1027 1175 1112 umbo,

382 1139 536 1223 Quomque
558 1142 614 1204 iter
635 1139 805 1223 enubigocm
828 1146 882 1225 est,
905 1147 934 1207 et
955 1144 1030 1207 vitoe
1053 1148 1172 1213 nescius
1196 1165 1280 1215 error

379 1260 506 1326 Deducit
526 1256 656 1341 trepides
677 1278 798 1327 ramoso
818 1265 849 1327 iu
871 1267 999 1347 compita
1019 1272 1148 1331 mentes:

380 1380 429 1445 Me
450 1379 502 1443 tibi
523 1381 675 1461 supposui.
717 1380 850 1445 Teucros
871 1389 902 1447 tu
923 1384 1050 1465 suscipis
1072 1397 1167 1451 annos

295 1483 299 1494 ’
381 1501 542 1583 Socratico,
564 1496 701 1583 Comme,
723 1500 805 1563 sinu:
828 1507 888 1564 turn
910 1500 1014 1564 toliere
1036 1498 1144 1565 soliers

379 1621 526 1703 Apposita
547 1621 671 1684 intortos
693 1619 823 1684 extendit
844 1620 949 1703 regulo
970 1638 1078 1705 mores,

380 1739 418 1806 Et
438 1740 578 1825 premitur
599 1740 713 1805 ratione
736 1740 850 1803 enimus
872 1740 1007 1821 vincique
1030 1738 1145 1804 laborat

381 1856 589 1939 Artificemque
612 1861 661 1920 tuo
684 1854 764 1919 ducit
784 1855 842 1919 sub
864 1856 973 1939 pollice
994 1857 1113 1921 voltum.

296 2025 301 2036 .
381 1978 491 2044 Tecum
512 1978 620 2043 etenim
641 1976 747 2057 longos
769 1978 888 2042 memini
911 1992 1084 2043 consumere
1107 1979 1188 2046 soles

380 2098 419 2163 m
437 2104 534 2162 tecum
555 2098 668 2178 primus
691 2095 787 2176 epulis
808 2095 971 2178 decerpere
994 2103 1111 2161 noctes:

381 2219 478 2283 Unum
501 2234 584 2301 opus,
607 2223 636 2279 et
656 2218 789 2298 requiem
813 2220 924 2299 pariter
947 2216 1127 2301 disponimus
1151 2215 1239 2280 umbo

382 2340 479 2420 Atque
500 2332 669 2400 verecunda
689 2335 826 2399 laxamus
848 2336 927 2397 seria
948 2350 1061 2397 mensu

381 2454 448 2521 Non
469 2452 605 2536 equidem
627 2453 684 2516 hcc
705 2451 820 2516 dubites
843 2449 995 2516 amborum
1019 2448 1139 2516 foedere
1163 2456 1243 2518 certo

382 2573 555 2640 Consentire
577 2545 642 2636 dies
664 2576 693 2634 et
714 2569 753 2634 ab
775 2587 834 2634 uno
856 2568 954 2635 sidere
976 2569 1059 2636 duci:

381 2695 491 2760 Nostro
510 2694 559 2760 vel
580 2691 698 2774 aequali
719 2690 873 2772 suspendit
895 2695 1028 2772 temporo
1048 2689 1137 2756 Libra

380 2814 477 2878 Pereo
498 2813 679 2893 eranceri,
700 2827 757 2876 sou
776 2818 847 2874 nuto
867 2809 1002 2874 fidelibus
1023 2811 1097 2874 hora

379 2931 492 2998 Dividit
511 2934 542 2995 in
564 2930 703 2995 Geminos
725 2930 885 2994 concordie
906 2931 966 2994 tuta
989 2930 1120 3014 duorum,

381 3053 597 3134 Saturnumque
619 3067 740 3132 gravem
762 3058 864 3116 nostro
885 3052 959 3116 Jove
981 3053 1143 3135 inungimus
1165 3069 1240 3117 une:

380 3168 489 3239 Nescio
512 3170 599 3254 quod,
622 3178 699 3235 certe
723 3176 775 3255 est,
802 3169 882 3256 quod
904 3190 950 3236 me
973 3172 1024 3237 tibi
1047 3179 1190 3258 temperet
1213 3177 1334 3237 ustmm.

379 3292 460 3358 Mille
481 3291 630 3354 hominum
650 3291 768 3370 species
791 3298 820 3354 et
839 3307 937 3356 rerum
960 3290 1087 3357 discolor
1108 3310 1193 3358 usus:

380 3410 463 3474 veile
486 3425 572 3476 suom
592 3408 699 3488 cuique
722 3414 775 3491 est,
797 3424 853 3472 uec
875 3416 943 3473 roto
964 3410 1070 3474 vivitur
1090 3427 1157 3476 unc.

379 3527 528 3594 Mercibus
549 3527 598 3591 iric
619 3525 699 3590 Italis
721 3530 813 3588 mutat
835 3522 890 3588 sub
914 3523 978 3587 sule
1000 3527 1111 3588 receuti

379 3649 531 3730 lingosum
551 3649 637 3730 piper
658 3651 688 3710 et
707 3644 847 3728 pallentis
870 3660 963 3726 grane
985 3645 1099 3730 cumini,

378 3769 434 3835 Hic
455 3776 537 3834 satur
556 3771 672 3851 inriguo
693 3767 805 3832 metuit
825 3774 996 3848 turgescere
1018 3781 1136 3832 somno:

350 4029 380 4083 V.
399 4029 426 4080 L.
444 4027 488 4081 50.
507 4028 605 4097 lioeuig
623 4031 714 4095 custos,
733 4043 790 4081 cum
805 4043 831 4095 p.
867 4023 912 4078 nt.
930 4029 968 4079 est
985 4028 1112 4078 omittitur.
1148 4023 1192 4080 35.
1213 4025 1313 4078 diducit.
1351 4026 1397 4080 36.
1421 4033 1481 4083 siv-i

276 4119 359 4188 posui.
378 4119 492 4184 eremitis.
527 4115 569 4168 3⁷.
591 4119 657 4183 mue,
684 4118 717 4182 to,
745 4119 795 4168 tuo.
832 4112 875 4166 38.
895 4114 1009 4166 ostendit.
1047 4114 1089 4165 to.
1108 4111 1271 4165 Crerohcnrrs
1300 4113 1469 4188 artificisque,

276 4209 323 4262 43.
340 4203 505 4261 cremone·
521 4219 574 4257 unu
591 4218 662 4271 opere.
700 4204 742 4255 ⁴5.
761 4204 865 4258 mettim.
894 4202 1004 4272 Gupetur
1022 4203 1135 4258 monere.
1173 4203 1214 4254 te.
1240 4204 1309 4258 dece.
1347 4207 1392 4258 ii.
1415 4225 1470 4264 ae·

277 4295 366 4368 perulis
402 4293 446 4345 48.
465 4293 576 4360 nuperus
597 4293 639 4345 vel
654 4297 720 4346 nato.
758 4290 1113 4360 recommendamus.
1149 4291 1191 4344 50.
1211 4291 1381 4346 dlitscherlieh
1408 4298 1480 4350 Sa:

276 4389 417 4439 tornumve.
435 4384 494 4438 imo.
534 4381 577 4432 5¹.
595 4380 660 4454 prrid.
680 4381 748 4452 qttcd
763 4385 786 4434 tc
803 4381 870 4435 criti.
889 4385 1013 4452 temperet.
1050 4381 1093 4431 55.
1111 4383 1207 4450 tymim.
1244 4380 1286 4432 56.
1305 4385 1468 4454 torpescere.
