3300 4975
780 343 977 405 mal·

393 532 448 599 illa
468 532 552 613 prius
572 536 662 617 areu,
682 547 752 597 mmr
766 530 849 598 luen
869 528 998 599 dardane
1019 528 1147 596 nausa?
1213 537 1216 550 ·
1253 565 1256 574 ·

378 650 436 714 *Es
457 650 598 715 madiens-
612 653 671 716 rati
692 668 798 733 presso
820 652 903 716 lare?
926 651 1028 716 llnlels
1049 648 1152 712 amieis
1228 659 1245 687 ²

394 766 457 830 lam
477 784 554 832 uune
575 770 731 854 astringas,
752 772 812 834 iam
832 787 909 834 nune
929 769 1067 852 granama
1087 765 1197 830 laxes?
1417 756 1475 822 1111

304 889 308 899 “
394 885 485 967 Inque
506 886 566 952 luto
588 887 676 952 lixum
698 890 796 970 possis
818 887 1026 953 transcendere
1046 898 1201 965 nummum,

395 1004 459 1069 Nee
480 1006 573 1089 gluttu
595 1007 718 1073 sorbere
740 1008 866 1076 salivam
887 1006 1115 1076 Mercurialem?
1220 1054 1223 1061 .

297 1108 300 1114 ’
394 1124 479 1190 Haea
494 1108 568 1194 'mea
588 1133 663 1211 sunt,
686 1134 781 1212 tenea,
803 1144 891 1211 quom
914 1144 984 1195 vere
1007 1126 1128 1193 dixeris:
1150 1126 1237 1212 estq,

397 1244 545 1328 Liberque
565 1262 603 1312 ae
624 1248 745 1328 sapiens
767 1247 953 1329 praetoribus
975 1264 1013 1312 aa
1032 1245 1107 1311 lare
1128 1240 1240 1311 dextra

396 1365 450 1430 Sin
469 1372 508 1449 tu,
531 1380 619 1447 quam
641 1365 732 1431 tuens
753 1374 874 1431 nostrae
896 1366 996 1449 paullo
1019 1368 1085 1429 ante
1107 1362 1228 1442 tarinae,

397 1482 568 1547 Pellieulam
589 1489 720 1548 veterem
741 1486 850 1548 retines
873 1490 903 1548 et
922 1484 1017 1548 trente
1039 1480 1147 1563 politus

397 1601 532 1665 Astutam
552 1600 661 1685 vapido
683 1620 788 1669 servas
810 1602 866 1668 sub
888 1608 1009 1685 pectore
1030 1599 1164 1681 velpem:

400 1718 483 1795 Quae
505 1721 644 1787 dederam
666 1708 765 1807 supra,
786 1723 889 1805 relego
911 1723 1068 1804 funemque
1090 1717 1210 1783 reduea.

397 1840 446 1905 Nil
468 1840 519 1906 tibi
540 1844 686 1908 enueessit
707 1846 790 1928 ratin,
813 1842 934 1928 digitum
956 1857 1060 1907 erere:
1081 1854 1200 1926 pennas.

397 1961 435 2027 m
454 1961 526 2044 quid
546 1969 606 2027 tam
627 1978 752 2044 parvum
774 1962 843 2025 est?
866 1960 918 2025 Set
942 1959 1023 2026 nullo
1046 1958 1130 2025 tlture
1151 1952 1258 2037 litatis,

397 2079 527 2145 Haereat
546 2082 577 2143 in
598 2080 693 2145 stultis
714 2080 814 2145 breuis
836 2086 867 2145 ut
889 2080 1049 2145 semiuncia
1070 2078 1151 2143 reati.

332 2239 336 2247 -
398 2198 481 2262 liaeo
502 2199 627 2262 miseere
650 2198 743 2281 netas,
764 2215 827 2282 nea,
850 2215 937 2281 quom
960 2200 1002 2263 sis
1025 2204 1124 2262 cetera
1146 2196 1252 2277 lassor,

399 2316 464 2380 Tris
485 2322 595 2380 tantum
617 2315 813 2381 adnumeres
836 2318 936 2397 Satyri
957 2333 1096 2383 mereare
1113 2311 1249 2393 Bathylli.
1320 2321 1322 2323 ’

399 2433 487 2499 Liber
510 2452 575 2518 ega.
617 2434 702 2500 Unde
725 2434 824 2500 datum
847 2435 903 2501 hae
925 2436 1025 2520 sentis,
1047 2440 1089 2498 tut
1110 2429 1226 2497 subdite
1248 2426 1359 2494 rebus?

398 2556 447 2620 An
470 2553 617 2620 domiuum
638 2556 767 2640 ignaras,
789 2556 845 2620 nisi
867 2571 954 2638 quem
975 2553 1103 2621 vindicta
1124 2548 1259 2616 relaxat?

399 2674 421 2758 l,
441 2691 524 2758 puer,
546 2680 576 2738 el
595 2673 725 2756 strigiles
748 2673 876 2758 Crispini
897 2673 936 2742 ad
956 2674 1065 2740 balnea
1087 2671 1180 2738 deteri

399 2796 433 2866 Si
452 2797 604 2879 increpuit,
627 2809 740 2878 cessas,
761 2800 894 2876 nugator,
917 2795 1067 2859 servitium
1089 2806 1160 2854 aare

400 2914 441 2977 Te
461 2913 532 2977 nihil
554 2912 683 2994 impellit,
706 2926 762 2975 nen
783 2911 942 2992 quidquam
965 2912 1149 2974 extrinsecus
1169 2907 1264 2986 intrat,

400 3031 486 3109 Ouad
508 3049 616 3097 nervas
638 3033 743 3113 agitet:
769 3037 823 3114 set,
846 3031 871 3095 si
892 3032 969 3094 intus
994 3034 1021 3093 et
1041 3031 1072 3093 in
1093 3029 1193 3092 ieenre
1215 3035 1308 3104 aegre

399 3151 564 3217 Nascuntur
588 3151 704 3235 damini,
727 3151 777 3233 qui
798 3155 829 3213 tu
851 3148 1017 3232 impunitior
1039 3147 1112 3230 exis,
1442 3133 1472 3200 31

399 3274 497 3357 Atque
519 3274 575 3358 trie,
599 3289 686 3355 quem
708 3269 747 3334 ad
768 3269 899 3350 strigiles
920 3270 1034 3340 sentina
1056 3274 1085 3331 et
1105 3270 1200 3330 metus
1224 3261 1284 3344 egit
1304 3257 1428 3325 herilis?

375 3566 404 3617 V.
422 3567 450 3617 L.
470 3563 530 3617 108.
547 3565 657 3617 notasse.
695 3558 755 3612 109.
774 3559 799 3613 et
815 3557 935 3611 modicus.
954 3551 1046 3607 Omnes
1065 3559 1107 3605 aut
1124 3547 1199 3603 lare?
1218 3545 1298 3600 rimata
1316 3543 1422 3598 amieis?
1443 3545 1475 3592 aut

304 3656 365 3724 lare,
379 3655 456 3708 duleis
467 3654 573 3707 amica?
589 3654 646 3707 110.
657 3651 780 3703 ltnrcitius
789 3650 908 3717 asdinpia
919 3655 944 3699 et
953 3647 1035 3699 lanae.
1065 3642 1124 3696 111.
1137 3635 1308 3693 transceudere.
1338 3631 1396 3688 112.
1408 3631 1475 3699 plata.

305 3744 367 3799 115.
385 3746 481 3796 anano.
529 3739 588 3795 tta.
618 3743 738 3794 retinens.
763 3737 848 3805 petita.
887 3734 947 3787 ttl.
965 3745 1080 3786 serenae.
1108 3731 1136 3781 in
1151 3728 1262 3794 pectere.
1311 3720 1371 3774 118.
1389 3721 1475 3788 repeto.

301 3829 434 3902 finemque.
486 3830 545 3886 119.
578 3832 676 3897 Lipsius
704 3843 736 3884 ne
765 3829 813 3881 tili.
864 3825 922 3880 120.
950 3835 1056 3891 param,
1091 3829 1206 3886 manum.
1259 3810 1319 3864 121.
1347 3809 1474 3864 emananti

306 3921 367 3976 123.
384 3925 444 3990 tren,
463 3922 531 3979 treta.
549 3922 670 3988 sulpeum.
709 3917 769 3968 121.
790 3917 876 3968 samia.
914 3912 974 3964 125.
993 3909 1100 3964 remeet.
1138 3903 1197 3956 127.
1209 3901 1330 3968 increpat.
1362 3897 1421 3951 128.
1433 3909 1474 3948 ae-

302 4010 446 4084 qntdqnum.
484 4005 545 4062 129.
565 4021 580 4060 e
598 4008 690 4074 imore,
710 4006 801 4057 iecere.
839 3999 899 4053 1³0.
918 4001 1065 4054 meander.
