3300 4975
795 322 927 383 unu
937 320 985 383 v.

357 517 361 523 ’
396 510 484 574 lime
505 512 590 594 piger
610 507 717 595 slerhs,
739 526 838 595 surge,
861 511 954 593 inqnit
973 509 1115 576 Avaritia.
1157 504 1223 573 niti

397 629 501 711 Smgel
523 628 638 714 Negas,
654 632 752 696 instat:
775 646 874 713 surge,
895 631 995 713 inquit.
1037 627 1104 692 Non
1128 642 1213 709 queo.
1257 624 1368 707 Surget

350 731 353 739 ’
396 747 434 812 Et
454 747 523 831 quid
546 750 653 831 agant?
675 749 817 830 Rogitas?
839 748 884 812 En
906 746 1064 830 saperdam
1085 744 1199 810 advehe
1221 742 1323 828 Ponto,

398 865 578 952 castoreum,
600 858 732 952 stuppas,
755 865 889 951 ebenum,
912 867 986 949 thus,
1008 864 1124 929 lubrica
1147 862 1223 927 Coal
1421 864 1473 927 135

397 985 479 1049 Tolle
501 1002 606 1050 reeens
628 988 739 1068 primns
761 988 846 1069 piper
868 1001 886 1048 e
908 985 1023 1050 sitiente
1045 983 1168 1066 samolo,

399 1106 487 1169 Verte
509 1104 627 1189 aliquid,
649 1108 727 1170 inrui
750 1105 802 1170 Set
822 1102 958 1186 Juppiter
979 1102 1105 1185 audiet„
1128 1100 1221 1186 Eheu,

398 1227 486 1308 Varo,
506 1230 687 1306 regustatum
709 1225 800 1307 digito
821 1224 970 1289 terebrare
994 1222 1119 1288 salinum

399 1344 558 1409 Contentus
580 1361 716 1430 perages,
741 1346 767 1407 si
788 1344 887 1409 vivere
910 1360 976 1407 oum
998 1341 1073 1406 lore
1095 1337 1203 1405 tendisl

398 1463 464 1527 loru
486 1465 587 1547 pneris
609 1463 718 1545 pellem
739 1462 905 1527 snooinetus
929 1466 956 1524 et
979 1460 1181 1543 oenophorum
1204 1463 1303 1541 optas:
1422 1456 1473 1520 lli

303 1585 307 1590 ”
401 1580 490 1647 Oeins
512 1582 551 1647 ud
572 1586 689 1649 navem!
711 1582 789 1648 Nihil
812 1581 916 1665 obstat,
939 1582 1010 1665 quin
1032 1580 1115 1645 trahe
1137 1584 1222 1645 rasta

399 1701 553 1783 Aegaeum
574 1704 683 1786 rapias,
706 1703 763 1766 nisi
785 1701 893 1764 sollers
914 1698 1044 1762 Luxuria
1064 1704 1132 1762 ante

401 1819 560 1889 Seduotum
580 1830 706 1887 moneat.
750 1820 815 1896 Quo
840 1820 954 1904 deinde,
976 1822 1088 1904 insane,
1109 1822 1179 1903 nris,
1202 1819 1282 1900 quo?

302 1992 305 2000 .
402 1937 478 2015 Quid
498 1940 551 2005 tihi
571 1941 637 2006 vis?
660 1939 763 2004 Calido
786 1938 842 2003 snb
862 1945 984 2021 pertore
1006 1936 1139 2002 masonla
1160 1936 1227 2001 hilis

401 2058 543 2143 intumuit,
565 2076 652 2142 qnem
673 2076 733 2123 non
755 2060 913 2123 extinxerit
934 2073 1008 2121 urna
1032 2059 1153 2121 eioutae.

401 2179 464 2243 Tun
484 2195 566 2242 mare
588 2178 744 2260 transilias,
765 2176 816 2240 tihi
839 2181 915 2239 torta
937 2173 1070 2239 cannabe
1092 2174 1165 2237 inltn
1291 2214 1297 2251 r

402 2298 486 2362 Cena
506 2300 544 2362 sit
565 2300 596 2361 in
616 2303 750 2379 transtro,
773 2295 1027 2375 Veientanumque
1050 2290 1195 2355 rubellum

402 2415 529 2481 Exhalat
550 2416 659 2498 vapida
680 2414 794 2479 laesum
816 2415 884 2497 pioe
907 2412 1022 2477 sessilis
1046 2410 1142 2475 nhhai

305 2577 309 2583 -
404 2534 480 2611 Quid
503 2536 604 2618 petis?
627 2534 665 2599 Ut
686 2537 803 2619 nummi,
827 2552 903 2617 qnos
925 2535 974 2598 hie
996 2534 1156 2615 quincunoe
1179 2531 1315 2598 modesto

403 2654 565 2738 Nonianus,
586 2661 732 2736 peragant
751 2654 857 2719 aridos
880 2654 990 2719 sudoro
1013 2653 1167 2718 deunees?
1429 2647 1475 2714 let

402 2773 527 2854 indulge
550 2772 650 2856 Genio,
674 2789 833 2854 oarpamns
856 2771 966 2836 tluloia:
989 2778 1122 2835 nostrum
1145 2775 1198 2852 est,

405 2889 491 2967 Quod
513 2893 599 2954 rivis:
623 2893 696 2954 einis
719 2898 748 2953 el
767 2907 871 2953 manes
893 2897 922 2953 et
943 2889 1044 2953 iahnla
1066 2891 1127 2952 lies.

403 3013 477 3077 vive
499 3027 612 3076 memor
633 3010 699 3074 leli:
723 3011 798 3094 ingit
817 3010 907 3094 hora3
930 3010 995 3094 hoe,
1019 3009 1236 3094 qnodloquor,
1260 3007 1331 3073 inde
1355 3011 1416 3074 est!

377 3312 408 3364 V.
426 3312 453 3363 L.
482 3310 542 3363 132.
568 3314 612 3364 ezt'
638 3328 685 3378 pro
704 3313 751 3364 eia.
781 3309 874 3363 Omnes
901 3313 941 3363 eia
966 3324 1049 3378 surge.
1078 3310 1172 3361 Locum
1203 3309 1274 3360 varie
1303 3310 1424 3372 interpuu

308 3397 368 3451 131.
395 3414 427 3452 an
446 3399 506 3470 qoud
522 3400 615 3467 opem?
642 3414 728 3468 repas,
753 3402 835 3465 rapot.
862 3413 895 3466 en
914 3401 1044 3450 omittitur.
1076 3397 1206 3464 saperdas.
1237 3395 1385 3448 llnuthulius
1404 3399 1459 3464 rop'

304 3490 391 3555 ponto.
430 3487 487 3539 136.
500 3502 535 3542 es
547 3490 651 3555 sitiente,
664 3491 688 3540 et
698 3489 801 3540 sitiente.
835 3484 894 3538 131.
906 3486 953 3540 heu
962 3487 1026 3540 heu!
1060 3485 1118 3538 138.
1132 3485 1202 3554 horo,
1221 3498 1309 3538 varro.
1332 3483 1474 3538 cllumei

307 3575 415 3628 navers.
440 3579 496 3649 XX,
522 3580 549 3644 l,
575 3576 658 3628 Barth.
676 3577 784 3630 Adsero.
811 3575 883 3644 xltll,
912 3575 938 3629 6.
975 3575 1086 3642 Guyetus
1110 3578 1288 3628 haeresiotam.
1342 3573 1405 3628 139.
1430 3591 1457 3628 eo

305 3666 417 3730 templus.
435 3678 534 3732 perpes,
563 3665 631 3732 quod
650 3668 789 3732 auspicatus
813 3673 851 3717 est
870 3665 1032 3730 [lauthalius‚
1058 3679 1161 3732 pergas.
1200 3663 1258 3715 140.
1279 3665 1388 3730 pueris
1415 3661 1472 3729 (und

306 3766 433 3804 nonnemo
450 3765 516 3818 puer
533 3754 572 3820 it),
598 3767 664 3820 puer
682 3755 727 3806 his.
756 3753 937 3805 Wakefieldius
964 3756 1064 3822 iamque
1081 3752 1199 3805 humeris.
1228 3751 1339 3818 Gupatus
1358 3755 1431 3804 suc*
1465 3754 1468 3760 '

307 3844 387 3908 uptus.
414 3839 577 3894 illmaoim.
601 3842 701 3897 113111.
730 3841 787 3894 lna.
800 3847 909 3898 movent.
929 3842 987 3894 145.
998 3844 1152 3911 extinxerat,
1163 3842 1327 3919 extingueret.
1349 3840 1409 3892 111.
1419 3845 1473 3893 irene

307 3930 374 3980 suis.
415 3929 472 3980 118.
491 3929 592 3997 cessitis,
610 3928 713 4000 sessile,
730 3928 824 3998 fissilis.
864 3932 922 3984 ¹50.
939 3934 1086 4000 peragrant,
1109 3932 1238 3998 peragant,
1265 3933 1380 3998 perpati.
1412 3935 1454 3984 uei

307 4014 410 4068 audura.
446 4015 590 4067 Huulhulius
606 4021 720 4086 pungunt
736 4018 812 4072 avido
831 4018 931 4072 sudare.
960 4018 1125 4082 Herrnannns,
1151 4017 1172 4068 ai
1190 4017 1232 4068 vel
1251 4020 1358 4069 maxime
1378 4019 1410 4069 ad
1434 4037 1462 4069 ro

304 4101 428 4180 ¹lecturam
446 4104 600 4158 redeundum
619 4108 659 4169 sit,
677 4105 837 4158 scribendum
858 4115 944 4158 censet
959 4110 1085 4176 peragunt
1102 4105 1285 4162 noluissem.
1325 4108 1384 4162 151.
1398 4123 1447 4160 cur·

309 4204 373 4262 mus,
391 4193 528 4260 commus.
568 4192 712 4249 15331161.
