3300 4975
278 352 335 423 16

773 358 905 417 βαίη
928 360 962 420 1.

377 537 402 607 0
425 558 515 608 coras
537 540 693 629 bominum,
716 562 734 610 o
758 552 898 630 qnantum
920 553 966 611 cst
985 548 1016 611 in
1036 547 1127 614 rebus
1148 550 1247 614 manci

375 660 448 737 Quis
469 662 549 744 leget
569 662 664 729 baec?
686 664 746 730 llin
767 673 798 731 tn
818 664 897 761 istud
918 666 983 729 eis?
1005 664 1099 731 Nemo
1122 665 1249 731 hercule.
1271 664 1391 733 Nemo?

374 780 430 843 Vel
452 779 510 845 duo
532 782 580 847 vel
602 798 696 848 nemo.
739 785 838 865 Turpe
860 789 889 848 et
909 783 1086 849 miserabile.
1110 784 1229 860 Quare?

374 896 420 961 Ne
442 900 511 964 mibi
532 899 712 982 Polydamas
734 906 763 964 et
785 898 927 965 Troiades
948 900 1116 966 Labeonem

373 1015 575 1085 Praetulerim.
605 1018 723 1102 Nugae!
744 1017 819 1103 Non,
840 1019 867 1082 si
889 1018 958 1101 quid
979 1019 1097 1085 turbida
1117 1020 1211 1087 Roma
1439 1027 1458 1089 5

372 1134 485 1221 Elevet,
509 1136 635 1202 accedas
657 1154 820 1203 examenre
842 1137 1008 1219 improbum
1029 1141 1058 1204 in
1079 1140 1130 1205 illa

374 1253 510 1337 Castiges
533 1256 646 1340 trutina,
667 1272 725 1320 noc
745 1262 774 1320 te
797 1258 982 1337 quaesiveris
1005 1264 1096 1324 extra

372 1373 448 1438 Nam
469 1373 579 1438 Romae
603 1375 668 1457 quis
690 1391 751 1439 non
773 1376 838 1439 -?
858 1376 904 1440 Ac
923 1379 951 1440 si
973 1377 1019 1441 las
1043 1376 1149 1445 dicere.
1193 1382 1246 1447 Set
1266 1363 1314 1449 ias

372 1495 462 1578 Tunc,
484 1509 572 1576 quom
594 1493 632 1558 ad
654 1497 788 1558 canitiem
810 1501 839 1558 et
860 1501 990 1560 nostrum
1012 1496 1090 1561 istud
1110 1499 1211 1564 virere
1234 1501 1317 1565 triste

372 1614 487 1697 Aspeni
507 1630 544 1679 ac
564 1614 688 1679 nucibus
710 1617 835 1681 iacimus
858 1634 1053 1701 quaecunque
1075 1619 1194 1705 relictis,
1218 1688 1219 1691 ,
1418 1623 1459 1687 10

373 1733 468 1810 Quom
489 1737 621 1816 sapimus
642 1742 778 1818 patruos:
801 1742 879 1819 tunc,
900 1742 978 1822 tunc,
1001 1739 1153 1819 ignoscito.
1195 1737 1280 1804 Nolo.

373 1850 450 1929 Quid
469 1854 597 1919 inciam?
619 1853 673 1919 Set
693 1870 759 1919 snm
781 1853 926 1935 petulanti
948 1854 1055 1936 splene·
1068 1856 1224 1953 ,cachinno

371 1972 533 2039 Scribimus
555 1974 668 2058 inclusi,
690 1988 830 2037 numeros
853 1974 911 2058 ille,
933 1974 982 2039 bio
1002 1973 1079 2057 pede
1102 1975 1185 2061 liber,

371 2092 488 2160 Grande
510 2093 630 2178 aliqrrid,
652 2091 732 2176 qnod
753 2093 853 2174 pulmo
876 2095 993 2158 animae
1013 2095 1191 2179 praelargus
1213 2094 1339 2182 anbelet,

371 2213 490 2280 Scilicet
510 2214 585 2278 baec
606 2215 717 2296 populo
739 2231 894 2297 pexusque
916 2221 1046 2298 togaque
1068 2218 1181 2282 recenti
1414 2217 1454 2280 tt

269 2424 272 2430 ι
370 2334 408 2399 Et
428 2334 565 2398 natalicia
586 2332 705 2397 tandem
727 2350 793 2399 oum
817 2332 1004 2413 sardonyche
1027 2333 1113 2398 albus

371 2452 450 2518 Sede
470 2453 575 2536 legens
598 2452 688 2538 celsa,
710 2453 821 2537 liquido
845 2470 934 2537 quom
955 2451 1102 2536 plasmate
1124 2459 1224 2538 guttur

271 2643 276 2652 ,
370 2571 480 2638 Mobile
502 2571 649 2655 colueris,
670 2573 796 2653 patranti
816 2572 928 2636 tractus
950 2568 1056 2635 ocello.

370 2690 427 2756 llic
447 2706 544 2773 neque
564 2705 647 2754 more
668 2688 764 2772 probo
785 2688 898 2774 rideas,
921 2703 978 2754 uec
999 2705 1075 2755 voce
1096 2705 1204 2756 serena

370 2811 507 2895 Ingentes
528 2809 677 2892 trepidare
698 2812 789 2895 Titos,
811 2828 904 2894 quom
927 2813 1058 2876 carmina
1079 2811 1210 2877 lumbum
1416 2811 1459 2880 20

370 2931 487 3016 intrant,
508 2935 537 2994 et
558 2929 681 2994 tremulo
702 2931 872 3013 scalpuntur
894 2929 945 2994 ubi
966 2933 1065 2996 intima
1087 2949 1184 2997 versu.

370 3052 442 3137 Tun,
463 3050 568 3135 vetulo,
591 3050 729 3116 auriculis
751 3050 855 3114 alienis
878 3050 994 3132 colligis
1016 3066 1112 3136 escas,

370 3171 525 3255 muriculis,
548 3170 654 3253 qubus
677 3178 706 3237 et
727 3170 810 3236 dicas
833 3174 898 3235 cute
920 3168 1061 3254 perditus,
1084 3169 1156 3233 ohel

371 3288 437 3368 Quo
459 3290 607 3376 didicisse,
628 3293 684 3356 nisi
705 3291 763 3356 boc
785 3292 959 3355 termentum
982 3297 1019 3375 et,
1042 3307 1119 3372 quoe
1142 3287 1236 3357 semel
1256 3290 1334 3358 intus

370 3408 472 3476 Innato
494 3415 548 3495 est,
568 3414 653 3490 rupto
675 3409 775 3472 iecore
798 3409 903 3471 exierit
926 3407 1107 3490 caprificus?

370 3530 416 3595 En
436 3530 533 3614 pallor
554 3529 744 3610 seniumquot
768 3523 792 3591 0
814 3527 927 3591 morosi
949 3525 1052 3608 Usque
1075 3524 1189 3592 adeone

371 3648 456 3715 Scire
478 3657 558 3716 tuum
579 3649 650 3715 nibil
674 3654 727 3734 est,
748 3649 806 3712 nisi
827 3654 857 3712 te
879 3647 956 3711 sciro
978 3645 1036 3709 boc
1057 3648 1133 3712 sciat
1155 3644 1246 3713 altcrt

370 3770 410 3835 At
430 3771 584 3854 pulcbrum
606 3776 653 3837 est
674 3770 763 3853 digito
785 3769 944 3833 monstrari
965 3774 994 3831 et
1017 3766 1117 3854 dicier,
1138 3768 1186 3834 bic
1207 3773 1261 3834 est.
1475 3859 1476 3935 1

343 3980 374 4033 V.
391 3981 419 4033 L.
442 3982 465 4036 l.
485 3983 606 4051 quanm
624 3981 716 4034 omisso
734 3995 758 4034 o.
771 3981 803 4033 do
815 3980 890 4048 Rooy
902 3979 1059 4033 bomioamo
1075 3983 1203 4051 questum
1236 3976 1261 4031 3.
1274 3978 1316 4034 eei
1327 3979 1378 4034 dete
1393 3977 1459 4034 cel..

271 4067 358 4123 Necte.
396 4071 422 4122 d.
442 4084 500 4140 aaa,
529 4084 589 4140 oon,
617 4085 672 4124 nec.
690 4070 854 4141 Polydamas.
892 4068 916 4122 6.
938 4083 1104 4138 examenque.
1144 4068 1169 4121 8.
1189 4068 1287 4121 Romae
1311 4071 1356 4121 aot.
1386 4073 1419 4139 at,
1438 4067 1462 4120 ai

272 4158 306 4212 ab
325 4159 384 4225 [pro
401 4160 453 4219 ao).
493 4160 535 4212 to.
555 4159 630 4211 Beier
661 4161 784 4229 adspecta
823 4159 865 4212 tt.
884 4159 1008 4211 bloroilius
1025 4159 1120 4212 nolent.
1152 4157 1298 4211 Schuetzius
1328 4160 1474 4232 t'qttooctrt¹

271 4246 339 4313 stolo,
357 4261 422 4315 auae
431 4244 548 4314 sacoma.
573 4247 728 4301 llermannus
740 4251 870 4318 lanceolis,
887 4229 959 4317 nolo,
973 4247 1033 4318 quid
1042 4245 1161 4315 faciam?
1193 4246 1233 4302 12.
1249 4246 1348 4314 Scoppa
1364 4249 1387 4299 si
1399 4257 1460 4300 sone

272 4334 432 4388 lleindcrlius
450 4338 551 4404 splene:
578 4337 708 4391 caclano.
747 4334 788 4387 13.
807 4335 967 4387 Marklandus
988 4335 1099 4388 inclusos
1120 4337 1241 4403 numeris,
1260 4334 1396 4386 Passovius
1416 4336 1459 4385 in-

272 4421 584 4496 accommodavisset,
607 4425 711 4478 Crucins
728 4426 850 4493 attentetis,
879 4423 989 4476 blandius
1007 4424 1078 4476 tttttc
1111 4422 1151 4475 tt.
1167 4423 1241 4492 leaeo.
1280 4423 1321 4476 18.
1341 4421 1473 4478 cedoald*

275 4510 456 4566 ilildabrandns
484 4517 601 4582 matrem.
627 4512 733 4584 fractos
774 4514 806 4569 19
834 4529 915 4586 comto
933 4528 1002 4569 occe.
1039 4512 1083 4568 2n.
1103 4512 1168 4586 qaid,
1193 4511 1266 4586 quod
1303 4511 1346 4566 26.
1366 4513 1460 4565 Burton

278 4601 329 4657 beo.

365 4601 409 4658 28.
427 4608 466 4660 tel
481 4605 632 4674 Priscianus,
651 4605 751 4678 quibis
769 4605 836 4659 hunc
854 4622 956 4660 versum
975 4605 1064 4658 adfert
